<?xml version='1.0' encoding='UTF-8'?>
<AuditFile xmlns="urn:StandardAuditFile-Taxation-Financial:NO">
  <Header>
    <AuditFileVersion>1.0</AuditFileVersion>
    <AuditFileCountry>NO</AuditFileCountry>
    <AuditFileDateCreated>2024-01-20</AuditFileDateCreated>
    <SoftwareCompanyName>Fiken AS</SoftwareCompanyName>
    <SoftwareID>Fiken.no</SoftwareID>
    <SoftwareVersion>2024.01.88</SoftwareVersion>
    <Company>
      <RegistrationNumber>916370601</RegistrationNumber>
      <Name>Development Solutions AS</Name>
      <Address>
        <StreetName>c/o Elena Fjørtoft
Bentsebrugata 19A</StreetName>
        <City>OSLO</City>
        <PostalCode>0476</PostalCode>
        <Country>NO</Country>
      </Address>
      <Contact>
        <ContactPerson>
          <FirstName>Jonas</FirstName>
          <LastName>Fjørtoft</LastName>
        </ContactPerson>
        <Telephone>92479047</Telephone>
        <Email>jonas.fjortoft@outlook.com</Email>
      </Contact>
      <BankAccount>
        <BankAccountNumber>86016146783</BankAccountNumber>
        <BankAccountName>Skattetrekk</BankAccountName>
        <CurrencyCode>NOK</CurrencyCode>
        <GeneralLedgerAccountID>1950:10001</GeneralLedgerAccountID>
      </BankAccount>
      <BankAccount>
        <BankAccountNumber>86016122426</BankAccountNumber>
        <BankAccountName>Business One</BankAccountName>
        <CurrencyCode>NOK</CurrencyCode>
        <GeneralLedgerAccountID>1920:10001</GeneralLedgerAccountID>
      </BankAccount>
    </Company>
    <DefaultCurrencyCode>NOK</DefaultCurrencyCode>
    <SelectionCriteria>
      <SelectionStartDate>2023-01-01</SelectionStartDate>
      <SelectionEndDate>2023-12-31</SelectionEndDate>
    </SelectionCriteria>
    <TaxAccountingBasis>A</TaxAccountingBasis>
    <UserID>jonas.fjortoft@outlook.com</UserID>
  </Header>
  <MasterFiles>
    <GeneralLedgerAccounts>
      <Account>
        <AccountID>7740</AccountID>
        <AccountDescription>Øreavrunding</AccountDescription>
        <StandardAccountID>77</StandardAccountID>
        <AccountType>GL</AccountType>
        <OpeningDebitBalance>0.00</OpeningDebitBalance>
        <ClosingDebitBalance>0.39</ClosingDebitBalance>
      </Account>
      <Account>
        <AccountID>8051</AccountID>
        <AccountDescription>Renteinntekt bankinnskudd</AccountDescription>
        <StandardAccountID>80</StandardAccountID>
        <AccountType>GL</AccountType>
        <OpeningDebitBalance>0.00</OpeningDebitBalance>
        <ClosingCreditBalance>8.10</ClosingCreditBalance>
      </Account>
      <Account>
        <AccountID>2701</AccountID>
        <AccountDescription>Utgående mva, høy sats</AccountDescription>
        <StandardAccountID>27</StandardAccountID>
        <AccountType>GL</AccountType>
        <OpeningDebitBalance>0.00</OpeningDebitBalance>
        <ClosingCreditBalance>1538.00</ClosingCreditBalance>
      </Account>
      <Account>
        <AccountID>1811:10001</AccountID>
        <AccountDescription>Kron Indeks Global</AccountDescription>
        <StandardAccountID>18</StandardAccountID>
        <AccountType>GL</AccountType>
        <OpeningDebitBalance>0.00</OpeningDebitBalance>
        <ClosingDebitBalance>0.00</ClosingDebitBalance>
      </Account>
      <Account>
        <AccountID>6860</AccountID>
        <AccountDescription>Møte, kurs, oppdatering o.l., med skattefradrag</AccountDescription>
        <StandardAccountID>68</StandardAccountID>
        <AccountType>GL</AccountType>
        <OpeningDebitBalance>0.00</OpeningDebitBalance>
        <ClosingDebitBalance>37375.00</ClosingDebitBalance>
      </Account>
      <Account>
        <AccountID>1031</AccountID>
        <AccountDescription>Patenter, kjøpt</AccountDescription>
        <StandardAccountID>10</StandardAccountID>
        <AccountType>GL</AccountType>
        <OpeningDebitBalance>0.00</OpeningDebitBalance>
        <ClosingDebitBalance>0.00</ClosingDebitBalance>
      </Account>
      <Account>
        <AccountID>2740</AccountID>
        <AccountDescription>Oppgjørskonto mva (gjeld)</AccountDescription>
        <StandardAccountID>27</StandardAccountID>
        <AccountType>GL</AccountType>
        <OpeningDebitBalance>664.00</OpeningDebitBalance>
        <ClosingDebitBalance>0.00</ClosingDebitBalance>
      </Account>
      <Account>
        <AccountID>1801</AccountID>
        <AccountDescription>Kortsiktig investering i konsernselskap</AccountDescription>
        <StandardAccountID>18</StandardAccountID>
        <AccountType>GL</AccountType>
        <OpeningDebitBalance>415000.00</OpeningDebitBalance>
        <ClosingDebitBalance>0.00</ClosingDebitBalance>
      </Account>
      <Account>
        <AccountID>2080</AccountID>
        <AccountDescription>Udekket tap</AccountDescription>
        <StandardAccountID>20</StandardAccountID>
        <AccountType>GL</AccountType>
        <OpeningDebitBalance>17967.00</OpeningDebitBalance>
        <ClosingDebitBalance>17967.00</ClosingDebitBalance>
      </Account>
      <Account>
        <AccountID>3020</AccountID>
        <AccountDescription>Salgsinntekt tjenester, høy mva-sats</AccountDescription>
        <StandardAccountID>30</StandardAccountID>
        <AccountType>GL</AccountType>
        <OpeningDebitBalance>0.00</OpeningDebitBalance>
        <ClosingCreditBalance>6152.00</ClosingCreditBalance>
      </Account>
      <Account>
        <AccountID>1330:10001</AccountID>
        <AccountDescription>Isi Lomma AS</AccountDescription>
        <StandardAccountID>13</StandardAccountID>
        <AccountType>GL</AccountType>
        <OpeningDebitBalance>0.00</OpeningDebitBalance>
        <ClosingDebitBalance>415000.00</ClosingDebitBalance>
      </Account>
      <Account>
        <AccountID>2000</AccountID>
        <AccountDescription>Aksjekapital / Egenkapital, bundet</AccountDescription>
        <StandardAccountID>20</StandardAccountID>
        <AccountType>GL</AccountType>
        <OpeningCreditBalance>30000.00</OpeningCreditBalance>
        <ClosingCreditBalance>30000.00</ClosingCreditBalance>
      </Account>
      <Account>
        <AccountID>2999</AccountID>
        <AccountDescription>Annen kortsiktig gjeld</AccountDescription>
        <StandardAccountID>29</StandardAccountID>
        <AccountType>GL</AccountType>
        <OpeningCreditBalance>401097.00</OpeningCreditBalance>
        <ClosingCreditBalance>453797.00</ClosingCreditBalance>
      </Account>
      <Account>
        <AccountID>6795</AccountID>
        <AccountDescription>Andre eksterne arbeidstimer (Fremmedytelse), ikke opplysningspliktig</AccountDescription>
        <StandardAccountID>67</StandardAccountID>
        <AccountType>GL</AccountType>
        <OpeningDebitBalance>0.00</OpeningDebitBalance>
        <ClosingDebitBalance>0.00</ClosingDebitBalance>
      </Account>
      <Account>
        <AccountID>1950:10001</AccountID>
        <AccountDescription>Skattetrekk (86016146783)</AccountDescription>
        <StandardAccountID>19</StandardAccountID>
        <AccountType>GL</AccountType>
        <OpeningDebitBalance>16.00</OpeningDebitBalance>
        <ClosingDebitBalance>15.22</ClosingDebitBalance>
      </Account>
      <Account>
        <AccountID>1920:10001</AccountID>
        <AccountDescription>Business One (86016122426)</AccountDescription>
        <StandardAccountID>19</StandardAccountID>
        <AccountType>GL</AccountType>
        <OpeningDebitBalance>21450.00</OpeningDebitBalance>
        <ClosingDebitBalance>33366.40</ClosingDebitBalance>
      </Account>
      <Account>
        <AccountID>6901</AccountID>
        <AccountDescription>Telefon- og mobilabonnement</AccountDescription>
        <StandardAccountID>69</StandardAccountID>
        <AccountType>GL</AccountType>
        <OpeningDebitBalance>0.00</OpeningDebitBalance>
        <ClosingDebitBalance>9577.71</ClosingDebitBalance>
      </Account>
      <Account>
        <AccountID>2711</AccountID>
        <AccountDescription>Inngående mva, høy sats</AccountDescription>
        <StandardAccountID>27</StandardAccountID>
        <AccountType>GL</AccountType>
        <OpeningDebitBalance>0.00</OpeningDebitBalance>
        <ClosingDebitBalance>2193.38</ClosingDebitBalance>
      </Account>
      <Account>
        <AccountID>1001</AccountID>
        <AccountDescription>Utvikling, kjøpt</AccountDescription>
        <StandardAccountID>10</StandardAccountID>
        <AccountType>GL</AccountType>
        <OpeningDebitBalance>0.00</OpeningDebitBalance>
        <ClosingDebitBalance>0.00</ClosingDebitBalance>
      </Account>
      <Account>
        <AccountID>1005</AccountID>
        <AccountDescription>Utvikling, egenutviklet</AccountDescription>
        <StandardAccountID>10</StandardAccountID>
        <AccountType>GL</AccountType>
        <OpeningDebitBalance>0.00</OpeningDebitBalance>
        <ClosingDebitBalance>0.00</ClosingDebitBalance>
      </Account>
      <Account>
        <AccountID>1021</AccountID>
        <AccountDescription>Konsesjoner, kjøpt</AccountDescription>
        <StandardAccountID>10</StandardAccountID>
        <AccountType>GL</AccountType>
        <OpeningDebitBalance>0.00</OpeningDebitBalance>
        <ClosingDebitBalance>0.00</ClosingDebitBalance>
      </Account>
      <Account>
        <AccountID>1025</AccountID>
        <AccountDescription>Konsesjoner, egenutviklet</AccountDescription>
        <StandardAccountID>10</StandardAccountID>
        <AccountType>GL</AccountType>
        <OpeningDebitBalance>0.00</OpeningDebitBalance>
        <ClosingDebitBalance>0.00</ClosingDebitBalance>
      </Account>
      <Account>
        <AccountID>1035</AccountID>
        <AccountDescription>Patenter, egenutviklet</AccountDescription>
        <StandardAccountID>10</StandardAccountID>
        <AccountType>GL</AccountType>
        <OpeningDebitBalance>0.00</OpeningDebitBalance>
        <ClosingDebitBalance>0.00</ClosingDebitBalance>
      </Account>
      <Account>
        <AccountID>1041</AccountID>
        <AccountDescription>Lisenser, kjøpt</AccountDescription>
        <StandardAccountID>10</StandardAccountID>
        <AccountType>GL</AccountType>
        <OpeningDebitBalance>0.00</OpeningDebitBalance>
        <ClosingDebitBalance>0.00</ClosingDebitBalance>
      </Account>
      <Account>
        <AccountID>1045</AccountID>
        <AccountDescription>Lisenser, egenutviklet</AccountDescription>
        <StandardAccountID>10</StandardAccountID>
        <AccountType>GL</AccountType>
        <OpeningDebitBalance>0.00</OpeningDebitBalance>
        <ClosingDebitBalance>0.00</ClosingDebitBalance>
      </Account>
      <Account>
        <AccountID>1051</AccountID>
        <AccountDescription>Varemerker, kjøpt</AccountDescription>
        <StandardAccountID>10</StandardAccountID>
        <AccountType>GL</AccountType>
        <OpeningDebitBalance>0.00</OpeningDebitBalance>
        <ClosingDebitBalance>0.00</ClosingDebitBalance>
      </Account>
      <Account>
        <AccountID>1055</AccountID>
        <AccountDescription>Varemerker, egenutviklet</AccountDescription>
        <StandardAccountID>10</StandardAccountID>
        <AccountType>GL</AccountType>
        <OpeningDebitBalance>0.00</OpeningDebitBalance>
        <ClosingDebitBalance>0.00</ClosingDebitBalance>
      </Account>
      <Account>
        <AccountID>1061</AccountID>
        <AccountDescription>Andre rettigheter, kjøpt</AccountDescription>
        <StandardAccountID>10</StandardAccountID>
        <AccountType>GL</AccountType>
        <OpeningDebitBalance>0.00</OpeningDebitBalance>
        <ClosingDebitBalance>0.00</ClosingDebitBalance>
      </Account>
      <Account>
        <AccountID>1065</AccountID>
        <AccountDescription>Andre rettigheter, egenutviklet</AccountDescription>
        <StandardAccountID>10</StandardAccountID>
        <AccountType>GL</AccountType>
        <OpeningDebitBalance>0.00</OpeningDebitBalance>
        <ClosingDebitBalance>0.00</ClosingDebitBalance>
      </Account>
      <Account>
        <AccountID>1071</AccountID>
        <AccountDescription>Utsatt skattefordel</AccountDescription>
        <StandardAccountID>10</StandardAccountID>
        <AccountType>GL</AccountType>
        <OpeningDebitBalance>0.00</OpeningDebitBalance>
        <ClosingDebitBalance>0.00</ClosingDebitBalance>
      </Account>
      <Account>
        <AccountID>1080</AccountID>
        <AccountDescription>Goodwill (kjøpt)</AccountDescription>
        <StandardAccountID>10</StandardAccountID>
        <AccountType>GL</AccountType>
        <OpeningDebitBalance>0.00</OpeningDebitBalance>
        <ClosingDebitBalance>0.00</ClosingDebitBalance>
      </Account>
      <Account>
        <AccountID>1100</AccountID>
        <AccountDescription>Bygninger</AccountDescription>
        <StandardAccountID>11</StandardAccountID>
        <AccountType>GL</AccountType>
        <OpeningDebitBalance>0.00</OpeningDebitBalance>
        <ClosingDebitBalance>0.00</ClosingDebitBalance>
      </Account>
      <Account>
        <AccountID>1105</AccountID>
        <AccountDescription>Forretningsbygg</AccountDescription>
        <StandardAccountID>11</StandardAccountID>
        <AccountType>GL</AccountType>
        <OpeningDebitBalance>0.00</OpeningDebitBalance>
        <ClosingDebitBalance>0.00</ClosingDebitBalance>
      </Account>
      <Account>
        <AccountID>1110</AccountID>
        <AccountDescription>Fast teknisk installasjon i bygning</AccountDescription>
        <StandardAccountID>11</StandardAccountID>
        <AccountType>GL</AccountType>
        <OpeningDebitBalance>0.00</OpeningDebitBalance>
        <ClosingDebitBalance>0.00</ClosingDebitBalance>
      </Account>
      <Account>
        <AccountID>1117</AccountID>
        <AccountDescription>Elektroteknisk utrustning i kraftforetak mv</AccountDescription>
        <StandardAccountID>11</StandardAccountID>
        <AccountType>GL</AccountType>
        <OpeningDebitBalance>0.00</OpeningDebitBalance>
        <ClosingDebitBalance>0.00</ClosingDebitBalance>
      </Account>
      <Account>
        <AccountID>1120</AccountID>
        <AccountDescription>Bygningsmessige anlegg</AccountDescription>
        <StandardAccountID>11</StandardAccountID>
        <AccountType>GL</AccountType>
        <OpeningDebitBalance>0.00</OpeningDebitBalance>
        <ClosingDebitBalance>0.00</ClosingDebitBalance>
      </Account>
      <Account>
        <AccountID>1130</AccountID>
        <AccountDescription>Eiendom og anlegg under bygging</AccountDescription>
        <StandardAccountID>11</StandardAccountID>
        <AccountType>GL</AccountType>
        <OpeningDebitBalance>0.00</OpeningDebitBalance>
        <ClosingDebitBalance>0.00</ClosingDebitBalance>
      </Account>
      <Account>
        <AccountID>1141</AccountID>
        <AccountDescription>Jord- og skogbrukseiendommer</AccountDescription>
        <StandardAccountID>11</StandardAccountID>
        <AccountType>GL</AccountType>
        <OpeningDebitBalance>0.00</OpeningDebitBalance>
        <ClosingDebitBalance>0.00</ClosingDebitBalance>
      </Account>
      <Account>
        <AccountID>1151</AccountID>
        <AccountDescription>Tomter</AccountDescription>
        <StandardAccountID>11</StandardAccountID>
        <AccountType>GL</AccountType>
        <OpeningDebitBalance>0.00</OpeningDebitBalance>
        <ClosingDebitBalance>0.00</ClosingDebitBalance>
      </Account>
      <Account>
        <AccountID>1155</AccountID>
        <AccountDescription>Andre grunnarealer</AccountDescription>
        <StandardAccountID>11</StandardAccountID>
        <AccountType>GL</AccountType>
        <OpeningDebitBalance>0.00</OpeningDebitBalance>
        <ClosingDebitBalance>0.00</ClosingDebitBalance>
      </Account>
      <Account>
        <AccountID>1160</AccountID>
        <AccountDescription>Boliger inklusive tomter</AccountDescription>
        <StandardAccountID>11</StandardAccountID>
        <AccountType>GL</AccountType>
        <OpeningDebitBalance>0.00</OpeningDebitBalance>
        <ClosingDebitBalance>0.00</ClosingDebitBalance>
      </Account>
      <Account>
        <AccountID>1180</AccountID>
        <AccountDescription>Investeringseiendommer</AccountDescription>
        <StandardAccountID>11</StandardAccountID>
        <AccountType>GL</AccountType>
        <OpeningDebitBalance>0.00</OpeningDebitBalance>
        <ClosingDebitBalance>0.00</ClosingDebitBalance>
      </Account>
      <Account>
        <AccountID>1200</AccountID>
        <AccountDescription>Maskiner og anlegg</AccountDescription>
        <StandardAccountID>12</StandardAccountID>
        <AccountType>GL</AccountType>
        <OpeningDebitBalance>0.00</OpeningDebitBalance>
        <ClosingDebitBalance>0.00</ClosingDebitBalance>
      </Account>
      <Account>
        <AccountID>1210</AccountID>
        <AccountDescription>Maskiner og anlegg under bygging</AccountDescription>
        <StandardAccountID>12</StandardAccountID>
        <AccountType>GL</AccountType>
        <OpeningDebitBalance>0.00</OpeningDebitBalance>
        <ClosingDebitBalance>0.00</ClosingDebitBalance>
      </Account>
      <Account>
        <AccountID>1221</AccountID>
        <AccountDescription>Skip og båter</AccountDescription>
        <StandardAccountID>12</StandardAccountID>
        <AccountType>GL</AccountType>
        <OpeningDebitBalance>0.00</OpeningDebitBalance>
        <ClosingDebitBalance>0.00</ClosingDebitBalance>
      </Account>
      <Account>
        <AccountID>1225</AccountID>
        <AccountDescription>Fly og helikopter</AccountDescription>
        <StandardAccountID>12</StandardAccountID>
        <AccountType>GL</AccountType>
        <OpeningDebitBalance>0.00</OpeningDebitBalance>
        <ClosingDebitBalance>0.00</ClosingDebitBalance>
      </Account>
      <Account>
        <AccountID>1231</AccountID>
        <AccountDescription>Personbiler</AccountDescription>
        <StandardAccountID>12</StandardAccountID>
        <AccountType>GL</AccountType>
        <OpeningDebitBalance>0.00</OpeningDebitBalance>
        <ClosingDebitBalance>0.00</ClosingDebitBalance>
      </Account>
      <Account>
        <AccountID>1235</AccountID>
        <AccountDescription>Varebiler, klasse 1</AccountDescription>
        <StandardAccountID>12</StandardAccountID>
        <AccountType>GL</AccountType>
        <OpeningDebitBalance>0.00</OpeningDebitBalance>
        <ClosingDebitBalance>0.00</ClosingDebitBalance>
      </Account>
      <Account>
        <AccountID>1236</AccountID>
        <AccountDescription>Varebiler, klasse 2</AccountDescription>
        <StandardAccountID>12</StandardAccountID>
        <AccountType>GL</AccountType>
        <OpeningDebitBalance>0.00</OpeningDebitBalance>
        <ClosingDebitBalance>0.00</ClosingDebitBalance>
      </Account>
      <Account>
        <AccountID>1237</AccountID>
        <AccountDescription>Lastebiler</AccountDescription>
        <StandardAccountID>12</StandardAccountID>
        <AccountType>GL</AccountType>
        <OpeningDebitBalance>0.00</OpeningDebitBalance>
        <ClosingDebitBalance>0.00</ClosingDebitBalance>
      </Account>
      <Account>
        <AccountID>1238</AccountID>
        <AccountDescription>Busser</AccountDescription>
        <StandardAccountID>12</StandardAccountID>
        <AccountType>GL</AccountType>
        <OpeningDebitBalance>0.00</OpeningDebitBalance>
        <ClosingDebitBalance>0.00</ClosingDebitBalance>
      </Account>
      <Account>
        <AccountID>1241</AccountID>
        <AccountDescription>Traktorer</AccountDescription>
        <StandardAccountID>12</StandardAccountID>
        <AccountType>GL</AccountType>
        <OpeningDebitBalance>0.00</OpeningDebitBalance>
        <ClosingDebitBalance>0.00</ClosingDebitBalance>
      </Account>
      <Account>
        <AccountID>1242</AccountID>
        <AccountDescription>Trucker</AccountDescription>
        <StandardAccountID>12</StandardAccountID>
        <AccountType>GL</AccountType>
        <OpeningDebitBalance>0.00</OpeningDebitBalance>
        <ClosingDebitBalance>0.00</ClosingDebitBalance>
      </Account>
      <Account>
        <AccountID>1249</AccountID>
        <AccountDescription>Andre transportmidler</AccountDescription>
        <StandardAccountID>12</StandardAccountID>
        <AccountType>GL</AccountType>
        <OpeningDebitBalance>0.00</OpeningDebitBalance>
        <ClosingDebitBalance>0.00</ClosingDebitBalance>
      </Account>
      <Account>
        <AccountID>1250</AccountID>
        <AccountDescription>Møbler, interiør og annet inventar (balanseført eiendel)</AccountDescription>
        <StandardAccountID>12</StandardAccountID>
        <AccountType>GL</AccountType>
        <OpeningDebitBalance>0.00</OpeningDebitBalance>
        <ClosingDebitBalance>0.00</ClosingDebitBalance>
      </Account>
      <Account>
        <AccountID>1261</AccountID>
        <AccountDescription>Fast bygningsinventar i eget bygg</AccountDescription>
        <StandardAccountID>12</StandardAccountID>
        <AccountType>GL</AccountType>
        <OpeningDebitBalance>0.00</OpeningDebitBalance>
        <ClosingDebitBalance>0.00</ClosingDebitBalance>
      </Account>
      <Account>
        <AccountID>1265</AccountID>
        <AccountDescription>Fast bygningsinventar og oppussing i leide lokaler</AccountDescription>
        <StandardAccountID>12</StandardAccountID>
        <AccountType>GL</AccountType>
        <OpeningDebitBalance>0.00</OpeningDebitBalance>
        <ClosingDebitBalance>0.00</ClosingDebitBalance>
      </Account>
      <Account>
        <AccountID>1270</AccountID>
        <AccountDescription>Verktøy og utstyr (balanseført eiendel)</AccountDescription>
        <StandardAccountID>12</StandardAccountID>
        <AccountType>GL</AccountType>
        <OpeningDebitBalance>0.00</OpeningDebitBalance>
        <ClosingDebitBalance>0.00</ClosingDebitBalance>
      </Account>
      <Account>
        <AccountID>1280</AccountID>
        <AccountDescription>Kontormaskiner</AccountDescription>
        <StandardAccountID>12</StandardAccountID>
        <AccountType>GL</AccountType>
        <OpeningDebitBalance>0.00</OpeningDebitBalance>
        <ClosingDebitBalance>0.00</ClosingDebitBalance>
      </Account>
      <Account>
        <AccountID>1290</AccountID>
        <AccountDescription>Andre driftsmidler</AccountDescription>
        <StandardAccountID>12</StandardAccountID>
        <AccountType>GL</AccountType>
        <OpeningDebitBalance>0.00</OpeningDebitBalance>
        <ClosingDebitBalance>0.00</ClosingDebitBalance>
      </Account>
      <Account>
        <AccountID>1291</AccountID>
        <AccountDescription>Påkostning leide driftsmidler</AccountDescription>
        <StandardAccountID>12</StandardAccountID>
        <AccountType>GL</AccountType>
        <OpeningDebitBalance>0.00</OpeningDebitBalance>
        <ClosingDebitBalance>0.00</ClosingDebitBalance>
      </Account>
      <Account>
        <AccountID>1292</AccountID>
        <AccountDescription>Andre ikke avskrivbare eiendeler</AccountDescription>
        <StandardAccountID>12</StandardAccountID>
        <AccountType>GL</AccountType>
        <OpeningDebitBalance>0.00</OpeningDebitBalance>
        <ClosingDebitBalance>0.00</ClosingDebitBalance>
      </Account>
      <Account>
        <AccountID>1301</AccountID>
        <AccountDescription>Aksjer i datterselskap (mer enn 50% eierandel)</AccountDescription>
        <StandardAccountID>13</StandardAccountID>
        <AccountType>GL</AccountType>
        <OpeningDebitBalance>0.00</OpeningDebitBalance>
        <ClosingDebitBalance>0.00</ClosingDebitBalance>
      </Account>
      <Account>
        <AccountID>1305</AccountID>
        <AccountDescription>Andeler i datterselskap med deltakerfastsetting (mer enn 50% eierandel)</AccountDescription>
        <StandardAccountID>13</StandardAccountID>
        <AccountType>GL</AccountType>
        <OpeningDebitBalance>0.00</OpeningDebitBalance>
        <ClosingDebitBalance>0.00</ClosingDebitBalance>
      </Account>
      <Account>
        <AccountID>1311</AccountID>
        <AccountDescription>Aksjer i foretak i samme konsern</AccountDescription>
        <StandardAccountID>13</StandardAccountID>
        <AccountType>GL</AccountType>
        <OpeningDebitBalance>0.00</OpeningDebitBalance>
        <ClosingDebitBalance>0.00</ClosingDebitBalance>
      </Account>
      <Account>
        <AccountID>1315</AccountID>
        <AccountDescription>Andeler i foretak i samme konsern med deltakerfastsetting</AccountDescription>
        <StandardAccountID>13</StandardAccountID>
        <AccountType>GL</AccountType>
        <OpeningDebitBalance>0.00</OpeningDebitBalance>
        <ClosingDebitBalance>0.00</ClosingDebitBalance>
      </Account>
      <Account>
        <AccountID>1321</AccountID>
        <AccountDescription>Langsiktig lån til datterselskaper (mer enn 50% eierandel)</AccountDescription>
        <StandardAccountID>13</StandardAccountID>
        <AccountType>GL</AccountType>
        <OpeningDebitBalance>0.00</OpeningDebitBalance>
        <ClosingDebitBalance>0.00</ClosingDebitBalance>
      </Account>
      <Account>
        <AccountID>1325</AccountID>
        <AccountDescription>Langsiktig lån til andre foretak i samme konsern </AccountDescription>
        <StandardAccountID>13</StandardAccountID>
        <AccountType>GL</AccountType>
        <OpeningDebitBalance>0.00</OpeningDebitBalance>
        <ClosingDebitBalance>0.00</ClosingDebitBalance>
      </Account>
      <Account>
        <AccountID>1330</AccountID>
        <AccountDescription>Investeringer i tilknyttet selskap (mellom 20-50% eierandel)</AccountDescription>
        <StandardAccountID>13</StandardAccountID>
        <AccountType>GL</AccountType>
        <OpeningDebitBalance>0.00</OpeningDebitBalance>
        <ClosingDebitBalance>0.00</ClosingDebitBalance>
      </Account>
      <Account>
        <AccountID>1331</AccountID>
        <AccountDescription>Investering i tilknyttede selskap med deltakerfastsetting</AccountDescription>
        <StandardAccountID>13</StandardAccountID>
        <AccountType>GL</AccountType>
        <OpeningDebitBalance>0.00</OpeningDebitBalance>
        <ClosingDebitBalance>0.00</ClosingDebitBalance>
      </Account>
      <Account>
        <AccountID>1341</AccountID>
        <AccountDescription>Langsiktig lån til tilknyttet eller felles kontrollert selskap</AccountDescription>
        <StandardAccountID>13</StandardAccountID>
        <AccountType>GL</AccountType>
        <OpeningDebitBalance>0.00</OpeningDebitBalance>
        <ClosingDebitBalance>0.00</ClosingDebitBalance>
      </Account>
      <Account>
        <AccountID>1351</AccountID>
        <AccountDescription>Andre aksjer og andeler</AccountDescription>
        <StandardAccountID>13</StandardAccountID>
        <AccountType>GL</AccountType>
        <OpeningDebitBalance>0.00</OpeningDebitBalance>
        <ClosingDebitBalance>0.00</ClosingDebitBalance>
      </Account>
      <Account>
        <AccountID>1358</AccountID>
        <AccountDescription>Verdipapirfondsandeler</AccountDescription>
        <StandardAccountID>13</StandardAccountID>
        <AccountType>GL</AccountType>
        <OpeningDebitBalance>0.00</OpeningDebitBalance>
        <ClosingDebitBalance>0.00</ClosingDebitBalance>
      </Account>
      <Account>
        <AccountID>1360</AccountID>
        <AccountDescription>Obligasjoner</AccountDescription>
        <StandardAccountID>13</StandardAccountID>
        <AccountType>GL</AccountType>
        <OpeningDebitBalance>0.00</OpeningDebitBalance>
        <ClosingDebitBalance>0.00</ClosingDebitBalance>
      </Account>
      <Account>
        <AccountID>1371</AccountID>
        <AccountDescription>Langsiktige lån til eiere og styremedlemmer</AccountDescription>
        <StandardAccountID>13</StandardAccountID>
        <AccountType>GL</AccountType>
        <OpeningDebitBalance>0.00</OpeningDebitBalance>
        <ClosingDebitBalance>0.00</ClosingDebitBalance>
      </Account>
      <Account>
        <AccountID>1381</AccountID>
        <AccountDescription>Andre langsiktige lån til ansatte</AccountDescription>
        <StandardAccountID>13</StandardAccountID>
        <AccountType>GL</AccountType>
        <OpeningDebitBalance>0.00</OpeningDebitBalance>
        <ClosingDebitBalance>0.00</ClosingDebitBalance>
      </Account>
      <Account>
        <AccountID>1384</AccountID>
        <AccountDescription>Andre langsiktige lån til daglig leder</AccountDescription>
        <StandardAccountID>13</StandardAccountID>
        <AccountType>GL</AccountType>
        <OpeningDebitBalance>0.00</OpeningDebitBalance>
        <ClosingDebitBalance>0.00</ClosingDebitBalance>
      </Account>
      <Account>
        <AccountID>1393</AccountID>
        <AccountDescription>Innskuddsfond</AccountDescription>
        <StandardAccountID>13</StandardAccountID>
        <AccountType>GL</AccountType>
        <OpeningDebitBalance>0.00</OpeningDebitBalance>
        <ClosingDebitBalance>0.00</ClosingDebitBalance>
      </Account>
      <Account>
        <AccountID>1394</AccountID>
        <AccountDescription>Overfinansiering av pensjonsforpliktelser (pensjonspremiefond)</AccountDescription>
        <StandardAccountID>13</StandardAccountID>
        <AccountType>GL</AccountType>
        <OpeningDebitBalance>0.00</OpeningDebitBalance>
        <ClosingDebitBalance>0.00</ClosingDebitBalance>
      </Account>
      <Account>
        <AccountID>1396</AccountID>
        <AccountDescription>Depositum</AccountDescription>
        <StandardAccountID>13</StandardAccountID>
        <AccountType>GL</AccountType>
        <OpeningDebitBalance>0.00</OpeningDebitBalance>
        <ClosingDebitBalance>0.00</ClosingDebitBalance>
      </Account>
      <Account>
        <AccountID>1397</AccountID>
        <AccountDescription>Forskuddsleasing</AccountDescription>
        <StandardAccountID>13</StandardAccountID>
        <AccountType>GL</AccountType>
        <OpeningDebitBalance>0.00</OpeningDebitBalance>
        <ClosingDebitBalance>0.00</ClosingDebitBalance>
      </Account>
      <Account>
        <AccountID>1398</AccountID>
        <AccountDescription>Til gode merverdiavgift (langsiktig fordring)</AccountDescription>
        <StandardAccountID>13</StandardAccountID>
        <AccountType>GL</AccountType>
        <OpeningDebitBalance>0.00</OpeningDebitBalance>
        <ClosingDebitBalance>0.00</ClosingDebitBalance>
      </Account>
      <Account>
        <AccountID>1399</AccountID>
        <AccountDescription>Andre langsiktige fordringer</AccountDescription>
        <StandardAccountID>13</StandardAccountID>
        <AccountType>GL</AccountType>
        <OpeningDebitBalance>0.00</OpeningDebitBalance>
        <ClosingDebitBalance>0.00</ClosingDebitBalance>
      </Account>
      <Account>
        <AccountID>1401</AccountID>
        <AccountDescription>Varelager: Materialer/råvarer, driftsmateriell og reservedeler</AccountDescription>
        <StandardAccountID>14</StandardAccountID>
        <AccountType>GL</AccountType>
        <OpeningDebitBalance>0.00</OpeningDebitBalance>
        <ClosingDebitBalance>0.00</ClosingDebitBalance>
      </Account>
      <Account>
        <AccountID>1421</AccountID>
        <AccountDescription>Varelager: Varer under produksjon</AccountDescription>
        <StandardAccountID>14</StandardAccountID>
        <AccountType>GL</AccountType>
        <OpeningDebitBalance>0.00</OpeningDebitBalance>
        <ClosingDebitBalance>0.00</ClosingDebitBalance>
      </Account>
      <Account>
        <AccountID>1441</AccountID>
        <AccountDescription>Varelager: Egenproduserte varer</AccountDescription>
        <StandardAccountID>14</StandardAccountID>
        <AccountType>GL</AccountType>
        <OpeningDebitBalance>0.00</OpeningDebitBalance>
        <ClosingDebitBalance>0.00</ClosingDebitBalance>
      </Account>
      <Account>
        <AccountID>1461</AccountID>
        <AccountDescription>Varelager: Varer for videresalg, emballasje og demonstrasjonsvarer</AccountDescription>
        <StandardAccountID>14</StandardAccountID>
        <AccountType>GL</AccountType>
        <OpeningDebitBalance>0.00</OpeningDebitBalance>
        <ClosingDebitBalance>0.00</ClosingDebitBalance>
      </Account>
      <Account>
        <AccountID>1470</AccountID>
        <AccountDescription>Ukuransavsetning på varelageret</AccountDescription>
        <StandardAccountID>14</StandardAccountID>
        <AccountType>GL</AccountType>
        <OpeningDebitBalance>0.00</OpeningDebitBalance>
        <ClosingDebitBalance>0.00</ClosingDebitBalance>
      </Account>
      <Account>
        <AccountID>1480</AccountID>
        <AccountDescription>Forskuddsbetaling til leverandører (varekontrakter/prosjekter)</AccountDescription>
        <StandardAccountID>14</StandardAccountID>
        <AccountType>GL</AccountType>
        <OpeningDebitBalance>0.00</OpeningDebitBalance>
        <ClosingDebitBalance>0.00</ClosingDebitBalance>
      </Account>
      <Account>
        <AccountID>1490</AccountID>
        <AccountDescription>Biologiske eiendeler (markedsverdi etter IFRS)</AccountDescription>
        <StandardAccountID>14</StandardAccountID>
        <AccountType>GL</AccountType>
        <OpeningDebitBalance>0.00</OpeningDebitBalance>
        <ClosingDebitBalance>0.00</ClosingDebitBalance>
      </Account>
      <Account>
        <AccountID>1530</AccountID>
        <AccountDescription>Opptjent, ikke fakturert driftsinntekt</AccountDescription>
        <StandardAccountID>15</StandardAccountID>
        <AccountType>GL</AccountType>
        <OpeningDebitBalance>0.00</OpeningDebitBalance>
        <ClosingDebitBalance>0.00</ClosingDebitBalance>
      </Account>
      <Account>
        <AccountID>1550</AccountID>
        <AccountDescription>Kundefordringer på selskap i samme konsern</AccountDescription>
        <StandardAccountID>15</StandardAccountID>
        <AccountType>GL</AccountType>
        <OpeningDebitBalance>0.00</OpeningDebitBalance>
        <ClosingDebitBalance>0.00</ClosingDebitBalance>
      </Account>
      <Account>
        <AccountID>1560</AccountID>
        <AccountDescription>Andre fordringer på selskap i samme konsern</AccountDescription>
        <StandardAccountID>15</StandardAccountID>
        <AccountType>GL</AccountType>
        <OpeningDebitBalance>0.00</OpeningDebitBalance>
        <ClosingDebitBalance>0.00</ClosingDebitBalance>
      </Account>
      <Account>
        <AccountID>1571</AccountID>
        <AccountDescription>Reiseforskudd</AccountDescription>
        <StandardAccountID>15</StandardAccountID>
        <AccountType>GL</AccountType>
        <OpeningDebitBalance>0.00</OpeningDebitBalance>
        <ClosingDebitBalance>0.00</ClosingDebitBalance>
      </Account>
      <Account>
        <AccountID>1572</AccountID>
        <AccountDescription>Lønnsforskudd (som trekkes i lønn senere, jf. konto 1741)</AccountDescription>
        <StandardAccountID>15</StandardAccountID>
        <AccountType>GL</AccountType>
        <OpeningDebitBalance>0.00</OpeningDebitBalance>
        <ClosingDebitBalance>0.00</ClosingDebitBalance>
      </Account>
      <Account>
        <AccountID>1573</AccountID>
        <AccountDescription>Andre kortsiktige lån til ansatte og daglig leder (ikke forskudd lønn, jf. konto 1741)</AccountDescription>
        <StandardAccountID>15</StandardAccountID>
        <AccountType>GL</AccountType>
        <OpeningDebitBalance>0.00</OpeningDebitBalance>
        <ClosingDebitBalance>0.00</ClosingDebitBalance>
      </Account>
      <Account>
        <AccountID>1574</AccountID>
        <AccountDescription>Kortsiktig lån/mellomregning mellom aksjonær/deltaker</AccountDescription>
        <StandardAccountID>15</StandardAccountID>
        <AccountType>GL</AccountType>
        <OpeningDebitBalance>0.00</OpeningDebitBalance>
        <ClosingDebitBalance>0.00</ClosingDebitBalance>
      </Account>
      <Account>
        <AccountID>1579</AccountID>
        <AccountDescription>Andre kortsiktige fordringer</AccountDescription>
        <StandardAccountID>15</StandardAccountID>
        <AccountType>GL</AccountType>
        <OpeningDebitBalance>0.00</OpeningDebitBalance>
        <ClosingDebitBalance>0.00</ClosingDebitBalance>
      </Account>
      <Account>
        <AccountID>1581</AccountID>
        <AccountDescription>Avsetning tap på kundefordringer</AccountDescription>
        <StandardAccountID>15</StandardAccountID>
        <AccountType>GL</AccountType>
        <OpeningDebitBalance>0.00</OpeningDebitBalance>
        <ClosingDebitBalance>0.00</ClosingDebitBalance>
      </Account>
      <Account>
        <AccountID>1585</AccountID>
        <AccountDescription>Avsetning tap på andre fordringer</AccountDescription>
        <StandardAccountID>15</StandardAccountID>
        <AccountType>GL</AccountType>
        <OpeningDebitBalance>0.00</OpeningDebitBalance>
        <ClosingDebitBalance>0.00</ClosingDebitBalance>
      </Account>
      <Account>
        <AccountID>1631</AccountID>
        <AccountDescription>Merverdiavgiftskompensasjon, høy sats</AccountDescription>
        <StandardAccountID>16</StandardAccountID>
        <AccountType>GL</AccountType>
        <OpeningDebitBalance>0.00</OpeningDebitBalance>
        <ClosingDebitBalance>0.00</ClosingDebitBalance>
      </Account>
      <Account>
        <AccountID>1633</AccountID>
        <AccountDescription>Merverdiavgiftskompensasjon, middels sats</AccountDescription>
        <StandardAccountID>16</StandardAccountID>
        <AccountType>GL</AccountType>
        <OpeningDebitBalance>0.00</OpeningDebitBalance>
        <ClosingDebitBalance>0.00</ClosingDebitBalance>
      </Account>
      <Account>
        <AccountID>1634</AccountID>
        <AccountDescription>Merverdiavgiftskompensasjon, lav sats</AccountDescription>
        <StandardAccountID>16</StandardAccountID>
        <AccountType>GL</AccountType>
        <OpeningDebitBalance>0.00</OpeningDebitBalance>
        <ClosingDebitBalance>0.00</ClosingDebitBalance>
      </Account>
      <Account>
        <AccountID>1640</AccountID>
        <AccountDescription>Oppgjørskonto mva (kortsiktig fordring)</AccountDescription>
        <StandardAccountID>16</StandardAccountID>
        <AccountType>GL</AccountType>
        <OpeningDebitBalance>0.00</OpeningDebitBalance>
        <ClosingDebitBalance>0.00</ClosingDebitBalance>
      </Account>
      <Account>
        <AccountID>1666</AccountID>
        <AccountDescription>Grunnlag merverdiavgiftskompensasjon, høy sats</AccountDescription>
        <StandardAccountID>16</StandardAccountID>
        <AccountType>GL</AccountType>
        <OpeningDebitBalance>0.00</OpeningDebitBalance>
        <ClosingDebitBalance>0.00</ClosingDebitBalance>
      </Account>
      <Account>
        <AccountID>1668</AccountID>
        <AccountDescription>Grunnlag merverdiavgiftskompensasjon, middels sats</AccountDescription>
        <StandardAccountID>16</StandardAccountID>
        <AccountType>GL</AccountType>
        <OpeningDebitBalance>0.00</OpeningDebitBalance>
        <ClosingDebitBalance>0.00</ClosingDebitBalance>
      </Account>
      <Account>
        <AccountID>1669</AccountID>
        <AccountDescription>Grunnlag merverdiavgiftskompensasjon, lav sats</AccountDescription>
        <StandardAccountID>16</StandardAccountID>
        <AccountType>GL</AccountType>
        <OpeningDebitBalance>0.00</OpeningDebitBalance>
        <ClosingDebitBalance>0.00</ClosingDebitBalance>
      </Account>
      <Account>
        <AccountID>1670</AccountID>
        <AccountDescription>Krav på offentlige tilskudd</AccountDescription>
        <StandardAccountID>16</StandardAccountID>
        <AccountType>GL</AccountType>
        <OpeningDebitBalance>0.00</OpeningDebitBalance>
        <ClosingDebitBalance>0.00</ClosingDebitBalance>
      </Account>
      <Account>
        <AccountID>1700</AccountID>
        <AccountDescription>Forskuddsbetalt leiekostnad</AccountDescription>
        <StandardAccountID>17</StandardAccountID>
        <AccountType>GL</AccountType>
        <OpeningDebitBalance>0.00</OpeningDebitBalance>
        <ClosingDebitBalance>0.00</ClosingDebitBalance>
      </Account>
      <Account>
        <AccountID>1710</AccountID>
        <AccountDescription>Forskuddsbetalt rentekostnad</AccountDescription>
        <StandardAccountID>17</StandardAccountID>
        <AccountType>GL</AccountType>
        <OpeningDebitBalance>0.00</OpeningDebitBalance>
        <ClosingDebitBalance>0.00</ClosingDebitBalance>
      </Account>
      <Account>
        <AccountID>1741</AccountID>
        <AccountDescription>Forskuddsbetalt, ikke påløpt lønn</AccountDescription>
        <StandardAccountID>17</StandardAccountID>
        <AccountType>GL</AccountType>
        <OpeningDebitBalance>0.00</OpeningDebitBalance>
        <ClosingDebitBalance>0.00</ClosingDebitBalance>
      </Account>
      <Account>
        <AccountID>1742</AccountID>
        <AccountDescription>Forskuddsbetalt strøm, varme mv.</AccountDescription>
        <StandardAccountID>17</StandardAccountID>
        <AccountType>GL</AccountType>
        <OpeningDebitBalance>0.00</OpeningDebitBalance>
        <ClosingDebitBalance>0.00</ClosingDebitBalance>
      </Account>
      <Account>
        <AccountID>1743</AccountID>
        <AccountDescription>Forskuddsbetalt forsikring</AccountDescription>
        <StandardAccountID>17</StandardAccountID>
        <AccountType>GL</AccountType>
        <OpeningDebitBalance>0.00</OpeningDebitBalance>
        <ClosingDebitBalance>0.00</ClosingDebitBalance>
      </Account>
      <Account>
        <AccountID>1744</AccountID>
        <AccountDescription>Forskuddsbetalt leasingleie</AccountDescription>
        <StandardAccountID>17</StandardAccountID>
        <AccountType>GL</AccountType>
        <OpeningDebitBalance>0.00</OpeningDebitBalance>
        <ClosingDebitBalance>0.00</ClosingDebitBalance>
      </Account>
      <Account>
        <AccountID>1749</AccountID>
        <AccountDescription>Andre forskuddsbetalte driftskostnader</AccountDescription>
        <StandardAccountID>17</StandardAccountID>
        <AccountType>GL</AccountType>
        <OpeningDebitBalance>0.00</OpeningDebitBalance>
        <ClosingDebitBalance>0.00</ClosingDebitBalance>
      </Account>
      <Account>
        <AccountID>1750</AccountID>
        <AccountDescription>Opptjent leieinntekt</AccountDescription>
        <StandardAccountID>17</StandardAccountID>
        <AccountType>GL</AccountType>
        <OpeningDebitBalance>0.00</OpeningDebitBalance>
        <ClosingDebitBalance>0.00</ClosingDebitBalance>
      </Account>
      <Account>
        <AccountID>1760</AccountID>
        <AccountDescription>Opptjent renteinntekt</AccountDescription>
        <StandardAccountID>17</StandardAccountID>
        <AccountType>GL</AccountType>
        <OpeningDebitBalance>0.00</OpeningDebitBalance>
        <ClosingDebitBalance>0.00</ClosingDebitBalance>
      </Account>
      <Account>
        <AccountID>1780</AccountID>
        <AccountDescription>Krav på innbetaling av selskapskapital</AccountDescription>
        <StandardAccountID>17</StandardAccountID>
        <AccountType>GL</AccountType>
        <OpeningDebitBalance>0.00</OpeningDebitBalance>
        <ClosingDebitBalance>0.00</ClosingDebitBalance>
      </Account>
      <Account>
        <AccountID>1811</AccountID>
        <AccountDescription>Børsnoterte aksjer, andeler og aksjefond</AccountDescription>
        <StandardAccountID>18</StandardAccountID>
        <AccountType>GL</AccountType>
        <OpeningDebitBalance>0.00</OpeningDebitBalance>
        <ClosingDebitBalance>0.00</ClosingDebitBalance>
      </Account>
      <Account>
        <AccountID>1821</AccountID>
        <AccountDescription>Ikke børsnoterte aksjer og andeler (kortsiktig investering)</AccountDescription>
        <StandardAccountID>18</StandardAccountID>
        <AccountType>GL</AccountType>
        <OpeningDebitBalance>0.00</OpeningDebitBalance>
        <ClosingDebitBalance>0.00</ClosingDebitBalance>
      </Account>
      <Account>
        <AccountID>1831</AccountID>
        <AccountDescription>Markedsbaserte obligasjoner og obligasjonsfond</AccountDescription>
        <StandardAccountID>18</StandardAccountID>
        <AccountType>GL</AccountType>
        <OpeningDebitBalance>0.00</OpeningDebitBalance>
        <ClosingDebitBalance>0.00</ClosingDebitBalance>
      </Account>
      <Account>
        <AccountID>1841</AccountID>
        <AccountDescription>Ikke markedsbaserte obligasjoner (kortsiktig investering)</AccountDescription>
        <StandardAccountID>18</StandardAccountID>
        <AccountType>GL</AccountType>
        <OpeningDebitBalance>0.00</OpeningDebitBalance>
        <ClosingDebitBalance>0.00</ClosingDebitBalance>
      </Account>
      <Account>
        <AccountID>1851</AccountID>
        <AccountDescription>Markedsbaserte obligasjoner med kort løpetid (sertifikater)</AccountDescription>
        <StandardAccountID>18</StandardAccountID>
        <AccountType>GL</AccountType>
        <OpeningDebitBalance>0.00</OpeningDebitBalance>
        <ClosingDebitBalance>0.00</ClosingDebitBalance>
      </Account>
      <Account>
        <AccountID>1861</AccountID>
        <AccountDescription>Ikke markedsbaserte obligasjoner med kort løpetid (sertifikater)</AccountDescription>
        <StandardAccountID>18</StandardAccountID>
        <AccountType>GL</AccountType>
        <OpeningDebitBalance>0.00</OpeningDebitBalance>
        <ClosingDebitBalance>0.00</ClosingDebitBalance>
      </Account>
      <Account>
        <AccountID>1871</AccountID>
        <AccountDescription>Markedsbaserte opsjoner og andre markedsbaserte derivater</AccountDescription>
        <StandardAccountID>18</StandardAccountID>
        <AccountType>GL</AccountType>
        <OpeningDebitBalance>0.00</OpeningDebitBalance>
        <ClosingDebitBalance>0.00</ClosingDebitBalance>
      </Account>
      <Account>
        <AccountID>1881</AccountID>
        <AccountDescription>Ikke markedsbaserte opsjoner og andre ikke markedsbaserte derivater</AccountDescription>
        <StandardAccountID>18</StandardAccountID>
        <AccountType>GL</AccountType>
        <OpeningDebitBalance>0.00</OpeningDebitBalance>
        <ClosingDebitBalance>0.00</ClosingDebitBalance>
      </Account>
      <Account>
        <AccountID>1888</AccountID>
        <AccountDescription>Kryptovaluta</AccountDescription>
        <StandardAccountID>18</StandardAccountID>
        <AccountType>GL</AccountType>
        <OpeningDebitBalance>0.00</OpeningDebitBalance>
        <ClosingDebitBalance>0.00</ClosingDebitBalance>
      </Account>
      <Account>
        <AccountID>1889</AccountID>
        <AccountDescription>Andre finansielle instrumenter</AccountDescription>
        <StandardAccountID>18</StandardAccountID>
        <AccountType>GL</AccountType>
        <OpeningDebitBalance>0.00</OpeningDebitBalance>
        <ClosingDebitBalance>0.00</ClosingDebitBalance>
      </Account>
      <Account>
        <AccountID>1901</AccountID>
        <AccountDescription>Kontanter</AccountDescription>
        <StandardAccountID>19</StandardAccountID>
        <AccountType>GL</AccountType>
        <OpeningDebitBalance>0.00</OpeningDebitBalance>
        <ClosingDebitBalance>0.00</ClosingDebitBalance>
      </Account>
      <Account>
        <AccountID>1908</AccountID>
        <AccountDescription>Kontanter, annen valuta</AccountDescription>
        <StandardAccountID>19</StandardAccountID>
        <AccountType>GL</AccountType>
        <OpeningDebitBalance>0.00</OpeningDebitBalance>
        <ClosingDebitBalance>0.00</ClosingDebitBalance>
      </Account>
      <Account>
        <AccountID>1909</AccountID>
        <AccountDescription>Kassedifferanse</AccountDescription>
        <StandardAccountID>19</StandardAccountID>
        <AccountType>GL</AccountType>
        <OpeningDebitBalance>0.00</OpeningDebitBalance>
        <ClosingDebitBalance>0.00</ClosingDebitBalance>
      </Account>
      <Account>
        <AccountID>2010</AccountID>
        <AccountDescription>Egne aksjer</AccountDescription>
        <StandardAccountID>20</StandardAccountID>
        <AccountType>GL</AccountType>
        <OpeningDebitBalance>0.00</OpeningDebitBalance>
        <ClosingDebitBalance>0.00</ClosingDebitBalance>
      </Account>
      <Account>
        <AccountID>2015</AccountID>
        <AccountDescription>Felleseid andelskapital</AccountDescription>
        <StandardAccountID>20</StandardAccountID>
        <AccountType>GL</AccountType>
        <OpeningDebitBalance>0.00</OpeningDebitBalance>
        <ClosingDebitBalance>0.00</ClosingDebitBalance>
      </Account>
      <Account>
        <AccountID>2020</AccountID>
        <AccountDescription>Overkurs</AccountDescription>
        <StandardAccountID>20</StandardAccountID>
        <AccountType>GL</AccountType>
        <OpeningDebitBalance>0.00</OpeningDebitBalance>
        <ClosingDebitBalance>0.00</ClosingDebitBalance>
      </Account>
      <Account>
        <AccountID>2030</AccountID>
        <AccountDescription>Annen innskutt egenkapital</AccountDescription>
        <StandardAccountID>20</StandardAccountID>
        <AccountType>GL</AccountType>
        <OpeningDebitBalance>0.00</OpeningDebitBalance>
        <ClosingDebitBalance>0.00</ClosingDebitBalance>
      </Account>
      <Account>
        <AccountID>2031</AccountID>
        <AccountDescription>Ikke registrert kapitalforhøyelse</AccountDescription>
        <StandardAccountID>20</StandardAccountID>
        <AccountType>GL</AccountType>
        <OpeningDebitBalance>0.00</OpeningDebitBalance>
        <ClosingDebitBalance>0.00</ClosingDebitBalance>
      </Account>
      <Account>
        <AccountID>2033</AccountID>
        <AccountDescription>Ikke registrert kapitalnedsettelse</AccountDescription>
        <StandardAccountID>20</StandardAccountID>
        <AccountType>GL</AccountType>
        <OpeningDebitBalance>0.00</OpeningDebitBalance>
        <ClosingDebitBalance>0.00</ClosingDebitBalance>
      </Account>
      <Account>
        <AccountID>2036</AccountID>
        <AccountDescription>Stiftelsesutgifter</AccountDescription>
        <StandardAccountID>20</StandardAccountID>
        <AccountType>GL</AccountType>
        <OpeningDebitBalance>0.00</OpeningDebitBalance>
        <ClosingDebitBalance>0.00</ClosingDebitBalance>
      </Account>
      <Account>
        <AccountID>2050</AccountID>
        <AccountDescription>Annen egenkapital</AccountDescription>
        <StandardAccountID>20</StandardAccountID>
        <AccountType>GL</AccountType>
        <OpeningDebitBalance>0.00</OpeningDebitBalance>
        <ClosingDebitBalance>0.00</ClosingDebitBalance>
      </Account>
      <Account>
        <AccountID>2100</AccountID>
        <AccountDescription>Pensjonsforpliktelser</AccountDescription>
        <StandardAccountID>21</StandardAccountID>
        <AccountType>GL</AccountType>
        <OpeningDebitBalance>0.00</OpeningDebitBalance>
        <ClosingDebitBalance>0.00</ClosingDebitBalance>
      </Account>
      <Account>
        <AccountID>2121</AccountID>
        <AccountDescription>Utsatt skatt</AccountDescription>
        <StandardAccountID>21</StandardAccountID>
        <AccountType>GL</AccountType>
        <OpeningDebitBalance>0.00</OpeningDebitBalance>
        <ClosingDebitBalance>0.00</ClosingDebitBalance>
      </Account>
      <Account>
        <AccountID>2130</AccountID>
        <AccountDescription>Derivater, langsiktig</AccountDescription>
        <StandardAccountID>21</StandardAccountID>
        <AccountType>GL</AccountType>
        <OpeningDebitBalance>0.00</OpeningDebitBalance>
        <ClosingDebitBalance>0.00</ClosingDebitBalance>
      </Account>
      <Account>
        <AccountID>2160</AccountID>
        <AccountDescription>Uopptjent inntekt (regnskapsmessig, ikke skattemessig)</AccountDescription>
        <StandardAccountID>21</StandardAccountID>
        <AccountType>GL</AccountType>
        <OpeningDebitBalance>0.00</OpeningDebitBalance>
        <ClosingDebitBalance>0.00</ClosingDebitBalance>
      </Account>
      <Account>
        <AccountID>2180</AccountID>
        <AccountDescription>Regnskapsmessig avsetninger for langsiktige forpliktelser (ikke skattemessig)</AccountDescription>
        <StandardAccountID>21</StandardAccountID>
        <AccountType>GL</AccountType>
        <OpeningDebitBalance>0.00</OpeningDebitBalance>
        <ClosingDebitBalance>0.00</ClosingDebitBalance>
      </Account>
      <Account>
        <AccountID>2188</AccountID>
        <AccountDescription>Avsetning for skyldig merverdiavgift</AccountDescription>
        <StandardAccountID>21</StandardAccountID>
        <AccountType>GL</AccountType>
        <OpeningDebitBalance>0.00</OpeningDebitBalance>
        <ClosingDebitBalance>0.00</ClosingDebitBalance>
      </Account>
      <Account>
        <AccountID>2200</AccountID>
        <AccountDescription>Konvertible langsiktige lån</AccountDescription>
        <StandardAccountID>22</StandardAccountID>
        <AccountType>GL</AccountType>
        <OpeningDebitBalance>0.00</OpeningDebitBalance>
        <ClosingDebitBalance>0.00</ClosingDebitBalance>
      </Account>
      <Account>
        <AccountID>2210</AccountID>
        <AccountDescription>Obligasjonslån langsiktige</AccountDescription>
        <StandardAccountID>22</StandardAccountID>
        <AccountType>GL</AccountType>
        <OpeningDebitBalance>0.00</OpeningDebitBalance>
        <ClosingDebitBalance>0.00</ClosingDebitBalance>
      </Account>
      <Account>
        <AccountID>2220</AccountID>
        <AccountDescription>Gjeld til kredittinstitusjoner</AccountDescription>
        <StandardAccountID>22</StandardAccountID>
        <AccountType>GL</AccountType>
        <OpeningDebitBalance>0.00</OpeningDebitBalance>
        <ClosingDebitBalance>0.00</ClosingDebitBalance>
      </Account>
      <Account>
        <AccountID>2251</AccountID>
        <AccountDescription>Gjeld til ansatte langsiktig</AccountDescription>
        <StandardAccountID>22</StandardAccountID>
        <AccountType>GL</AccountType>
        <OpeningDebitBalance>0.00</OpeningDebitBalance>
        <ClosingDebitBalance>0.00</ClosingDebitBalance>
      </Account>
      <Account>
        <AccountID>2255</AccountID>
        <AccountDescription>Gjeld til eiere langsiktig</AccountDescription>
        <StandardAccountID>22</StandardAccountID>
        <AccountType>GL</AccountType>
        <OpeningDebitBalance>0.00</OpeningDebitBalance>
        <ClosingDebitBalance>0.00</ClosingDebitBalance>
      </Account>
      <Account>
        <AccountID>2260</AccountID>
        <AccountDescription>Gjeld til selskap i samme konsern langsiktig</AccountDescription>
        <StandardAccountID>22</StandardAccountID>
        <AccountType>GL</AccountType>
        <OpeningDebitBalance>0.00</OpeningDebitBalance>
        <ClosingDebitBalance>0.00</ClosingDebitBalance>
      </Account>
      <Account>
        <AccountID>2285</AccountID>
        <AccountDescription>Ansvarlig lånekapital og stille interresentinnskudd</AccountDescription>
        <StandardAccountID>22</StandardAccountID>
        <AccountType>GL</AccountType>
        <OpeningDebitBalance>0.00</OpeningDebitBalance>
        <ClosingDebitBalance>0.00</ClosingDebitBalance>
      </Account>
      <Account>
        <AccountID>2291</AccountID>
        <AccountDescription>Gjeld til andre personer enn ansatte og eiere langsiktig</AccountDescription>
        <StandardAccountID>22</StandardAccountID>
        <AccountType>GL</AccountType>
        <OpeningDebitBalance>0.00</OpeningDebitBalance>
        <ClosingDebitBalance>0.00</ClosingDebitBalance>
      </Account>
      <Account>
        <AccountID>2299</AccountID>
        <AccountDescription>Annen langsiktig gjeld</AccountDescription>
        <StandardAccountID>22</StandardAccountID>
        <AccountType>GL</AccountType>
        <OpeningDebitBalance>0.00</OpeningDebitBalance>
        <ClosingDebitBalance>0.00</ClosingDebitBalance>
      </Account>
      <Account>
        <AccountID>2300</AccountID>
        <AccountDescription>Konvertible kortsiktige lån</AccountDescription>
        <StandardAccountID>23</StandardAccountID>
        <AccountType>GL</AccountType>
        <OpeningDebitBalance>0.00</OpeningDebitBalance>
        <ClosingDebitBalance>0.00</ClosingDebitBalance>
      </Account>
      <Account>
        <AccountID>2320</AccountID>
        <AccountDescription>Obligasjonslån kortsiktige</AccountDescription>
        <StandardAccountID>23</StandardAccountID>
        <AccountType>GL</AccountType>
        <OpeningDebitBalance>0.00</OpeningDebitBalance>
        <ClosingDebitBalance>0.00</ClosingDebitBalance>
      </Account>
      <Account>
        <AccountID>2330</AccountID>
        <AccountDescription>Derivater, kortsiktig</AccountDescription>
        <StandardAccountID>23</StandardAccountID>
        <AccountType>GL</AccountType>
        <OpeningDebitBalance>0.00</OpeningDebitBalance>
        <ClosingDebitBalance>0.00</ClosingDebitBalance>
      </Account>
      <Account>
        <AccountID>2360</AccountID>
        <AccountDescription>Byggelån</AccountDescription>
        <StandardAccountID>23</StandardAccountID>
        <AccountType>GL</AccountType>
        <OpeningDebitBalance>0.00</OpeningDebitBalance>
        <ClosingDebitBalance>0.00</ClosingDebitBalance>
      </Account>
      <Account>
        <AccountID>2380</AccountID>
        <AccountDescription>Kassakreditt</AccountDescription>
        <StandardAccountID>23</StandardAccountID>
        <AccountType>GL</AccountType>
        <OpeningDebitBalance>0.00</OpeningDebitBalance>
        <ClosingDebitBalance>0.00</ClosingDebitBalance>
      </Account>
      <Account>
        <AccountID>2390</AccountID>
        <AccountDescription>Annen gjeld til kredittinstitusjon</AccountDescription>
        <StandardAccountID>23</StandardAccountID>
        <AccountType>GL</AccountType>
        <OpeningDebitBalance>0.00</OpeningDebitBalance>
        <ClosingDebitBalance>0.00</ClosingDebitBalance>
      </Account>
      <Account>
        <AccountID>2460</AccountID>
        <AccountDescription>Leverandørgjeld til selskap i samme konsern</AccountDescription>
        <StandardAccountID>24</StandardAccountID>
        <AccountType>GL</AccountType>
        <OpeningDebitBalance>0.00</OpeningDebitBalance>
        <ClosingDebitBalance>0.00</ClosingDebitBalance>
      </Account>
      <Account>
        <AccountID>2500</AccountID>
        <AccountDescription>Betalbar skatt, ikke fastsatt</AccountDescription>
        <StandardAccountID>25</StandardAccountID>
        <AccountType>GL</AccountType>
        <OpeningDebitBalance>0.00</OpeningDebitBalance>
        <ClosingDebitBalance>0.00</ClosingDebitBalance>
      </Account>
      <Account>
        <AccountID>2510</AccountID>
        <AccountDescription>Betalbar skatt, fastsatt</AccountDescription>
        <StandardAccountID>25</StandardAccountID>
        <AccountType>GL</AccountType>
        <OpeningDebitBalance>0.00</OpeningDebitBalance>
        <ClosingDebitBalance>0.00</ClosingDebitBalance>
      </Account>
      <Account>
        <AccountID>2540</AccountID>
        <AccountDescription>Forskuddsskatt</AccountDescription>
        <StandardAccountID>25</StandardAccountID>
        <AccountType>GL</AccountType>
        <OpeningDebitBalance>0.00</OpeningDebitBalance>
        <ClosingDebitBalance>0.00</ClosingDebitBalance>
      </Account>
      <Account>
        <AccountID>2600</AccountID>
        <AccountDescription>Forskuddstrekk (skatt på lønn)</AccountDescription>
        <StandardAccountID>26</StandardAccountID>
        <AccountType>GL</AccountType>
        <OpeningDebitBalance>0.00</OpeningDebitBalance>
        <ClosingDebitBalance>0.00</ClosingDebitBalance>
      </Account>
      <Account>
        <AccountID>2610</AccountID>
        <AccountDescription>Utleggstrekk</AccountDescription>
        <StandardAccountID>26</StandardAccountID>
        <AccountType>GL</AccountType>
        <OpeningDebitBalance>0.00</OpeningDebitBalance>
        <ClosingDebitBalance>0.00</ClosingDebitBalance>
      </Account>
      <Account>
        <AccountID>2620</AccountID>
        <AccountDescription>Bidragstrekk</AccountDescription>
        <StandardAccountID>26</StandardAccountID>
        <AccountType>GL</AccountType>
        <OpeningDebitBalance>0.00</OpeningDebitBalance>
        <ClosingDebitBalance>0.00</ClosingDebitBalance>
      </Account>
      <Account>
        <AccountID>2630</AccountID>
        <AccountDescription>Trygdetrekk</AccountDescription>
        <StandardAccountID>26</StandardAccountID>
        <AccountType>GL</AccountType>
        <OpeningDebitBalance>0.00</OpeningDebitBalance>
        <ClosingDebitBalance>0.00</ClosingDebitBalance>
      </Account>
      <Account>
        <AccountID>2640</AccountID>
        <AccountDescription>Forsikringstrekk</AccountDescription>
        <StandardAccountID>26</StandardAccountID>
        <AccountType>GL</AccountType>
        <OpeningDebitBalance>0.00</OpeningDebitBalance>
        <ClosingDebitBalance>0.00</ClosingDebitBalance>
      </Account>
      <Account>
        <AccountID>2650</AccountID>
        <AccountDescription>Trukket fagforeningskontingent</AccountDescription>
        <StandardAccountID>26</StandardAccountID>
        <AccountType>GL</AccountType>
        <OpeningDebitBalance>0.00</OpeningDebitBalance>
        <ClosingDebitBalance>0.00</ClosingDebitBalance>
      </Account>
      <Account>
        <AccountID>2690</AccountID>
        <AccountDescription>Andre trekk</AccountDescription>
        <StandardAccountID>26</StandardAccountID>
        <AccountType>GL</AccountType>
        <OpeningDebitBalance>0.00</OpeningDebitBalance>
        <ClosingDebitBalance>0.00</ClosingDebitBalance>
      </Account>
      <Account>
        <AccountID>2702</AccountID>
        <AccountDescription>Utgående mva, kjøp tjenester fra utlandet</AccountDescription>
        <StandardAccountID>27</StandardAccountID>
        <AccountType>GL</AccountType>
        <OpeningDebitBalance>0.00</OpeningDebitBalance>
        <ClosingDebitBalance>0.00</ClosingDebitBalance>
      </Account>
      <Account>
        <AccountID>2703</AccountID>
        <AccountDescription>Utgående mva, middels sats</AccountDescription>
        <StandardAccountID>27</StandardAccountID>
        <AccountType>GL</AccountType>
        <OpeningDebitBalance>0.00</OpeningDebitBalance>
        <ClosingDebitBalance>0.00</ClosingDebitBalance>
      </Account>
      <Account>
        <AccountID>2704</AccountID>
        <AccountDescription>Utgående mva, lav sats</AccountDescription>
        <StandardAccountID>27</StandardAccountID>
        <AccountType>GL</AccountType>
        <OpeningDebitBalance>0.00</OpeningDebitBalance>
        <ClosingDebitBalance>0.00</ClosingDebitBalance>
      </Account>
      <Account>
        <AccountID>2712</AccountID>
        <AccountDescription>Inngående mva, kjøp tjenester fra utlandet</AccountDescription>
        <StandardAccountID>27</StandardAccountID>
        <AccountType>GL</AccountType>
        <OpeningDebitBalance>0.00</OpeningDebitBalance>
        <ClosingDebitBalance>0.00</ClosingDebitBalance>
      </Account>
      <Account>
        <AccountID>2713</AccountID>
        <AccountDescription>Inngående mva, middels sats</AccountDescription>
        <StandardAccountID>27</StandardAccountID>
        <AccountType>GL</AccountType>
        <OpeningDebitBalance>0.00</OpeningDebitBalance>
        <ClosingDebitBalance>0.00</ClosingDebitBalance>
      </Account>
      <Account>
        <AccountID>2714</AccountID>
        <AccountDescription>Inngående mva, lav sats</AccountDescription>
        <StandardAccountID>27</StandardAccountID>
        <AccountType>GL</AccountType>
        <OpeningDebitBalance>0.00</OpeningDebitBalance>
        <ClosingDebitBalance>0.00</ClosingDebitBalance>
      </Account>
      <Account>
        <AccountID>2751</AccountID>
        <AccountDescription>Grunnlag utgående mva, høy sats</AccountDescription>
        <StandardAccountID>27</StandardAccountID>
        <AccountType>GL</AccountType>
        <OpeningDebitBalance>0.00</OpeningDebitBalance>
        <ClosingDebitBalance>0.00</ClosingDebitBalance>
      </Account>
      <Account>
        <AccountID>2752</AccountID>
        <AccountDescription>Grunnlag utgående mva kjøp tjenester fra utlandet</AccountDescription>
        <StandardAccountID>27</StandardAccountID>
        <AccountType>GL</AccountType>
        <OpeningDebitBalance>0.00</OpeningDebitBalance>
        <ClosingDebitBalance>0.00</ClosingDebitBalance>
      </Account>
      <Account>
        <AccountID>2753</AccountID>
        <AccountDescription>Grunnlag utgående mva, middels sats</AccountDescription>
        <StandardAccountID>27</StandardAccountID>
        <AccountType>GL</AccountType>
        <OpeningDebitBalance>0.00</OpeningDebitBalance>
        <ClosingDebitBalance>0.00</ClosingDebitBalance>
      </Account>
      <Account>
        <AccountID>2754</AccountID>
        <AccountDescription>Grunnlag utgående mva, lav sats</AccountDescription>
        <StandardAccountID>27</StandardAccountID>
        <AccountType>GL</AccountType>
        <OpeningDebitBalance>0.00</OpeningDebitBalance>
        <ClosingDebitBalance>0.00</ClosingDebitBalance>
      </Account>
      <Account>
        <AccountID>2759</AccountID>
        <AccountDescription>Grunnlag utgående mva, 0-sats (avgiftsfri)</AccountDescription>
        <StandardAccountID>27</StandardAccountID>
        <AccountType>GL</AccountType>
        <OpeningDebitBalance>0.00</OpeningDebitBalance>
        <ClosingDebitBalance>0.00</ClosingDebitBalance>
      </Account>
      <Account>
        <AccountID>2761</AccountID>
        <AccountDescription>Grunnlag inngående mva, høy sats</AccountDescription>
        <StandardAccountID>27</StandardAccountID>
        <AccountType>GL</AccountType>
        <OpeningDebitBalance>0.00</OpeningDebitBalance>
        <ClosingDebitBalance>0.00</ClosingDebitBalance>
      </Account>
      <Account>
        <AccountID>2762</AccountID>
        <AccountDescription>Grunnlag inngående mva, kjøp tjenester fra utlandet</AccountDescription>
        <StandardAccountID>27</StandardAccountID>
        <AccountType>GL</AccountType>
        <OpeningDebitBalance>0.00</OpeningDebitBalance>
        <ClosingDebitBalance>0.00</ClosingDebitBalance>
      </Account>
      <Account>
        <AccountID>2763</AccountID>
        <AccountDescription>Grunnlag inngående mva, middels sats</AccountDescription>
        <StandardAccountID>27</StandardAccountID>
        <AccountType>GL</AccountType>
        <OpeningDebitBalance>0.00</OpeningDebitBalance>
        <ClosingDebitBalance>0.00</ClosingDebitBalance>
      </Account>
      <Account>
        <AccountID>2764</AccountID>
        <AccountDescription>Grunnlag inngående mva, lav sats</AccountDescription>
        <StandardAccountID>27</StandardAccountID>
        <AccountType>GL</AccountType>
        <OpeningDebitBalance>0.00</OpeningDebitBalance>
        <ClosingDebitBalance>0.00</ClosingDebitBalance>
      </Account>
      <Account>
        <AccountID>2771</AccountID>
        <AccountDescription>Skyldig arbeidsgiveravgift</AccountDescription>
        <StandardAccountID>27</StandardAccountID>
        <AccountType>GL</AccountType>
        <OpeningDebitBalance>0.00</OpeningDebitBalance>
        <ClosingDebitBalance>0.00</ClosingDebitBalance>
      </Account>
      <Account>
        <AccountID>2772</AccountID>
        <AccountDescription>Skyldig finansskatt</AccountDescription>
        <StandardAccountID>27</StandardAccountID>
        <AccountType>GL</AccountType>
        <OpeningDebitBalance>0.00</OpeningDebitBalance>
        <ClosingDebitBalance>0.00</ClosingDebitBalance>
      </Account>
      <Account>
        <AccountID>2781</AccountID>
        <AccountDescription>Påløpt arbeidsgiveravgift påløpt lønn</AccountDescription>
        <StandardAccountID>27</StandardAccountID>
        <AccountType>GL</AccountType>
        <OpeningDebitBalance>0.00</OpeningDebitBalance>
        <ClosingDebitBalance>0.00</ClosingDebitBalance>
      </Account>
      <Account>
        <AccountID>2785</AccountID>
        <AccountDescription>Påløpt arbeidsgiveravgift ferielønn</AccountDescription>
        <StandardAccountID>27</StandardAccountID>
        <AccountType>GL</AccountType>
        <OpeningDebitBalance>0.00</OpeningDebitBalance>
        <ClosingDebitBalance>0.00</ClosingDebitBalance>
      </Account>
      <Account>
        <AccountID>2786</AccountID>
        <AccountDescription>Påløpt finansskatt ferielønn</AccountDescription>
        <StandardAccountID>27</StandardAccountID>
        <AccountType>GL</AccountType>
        <OpeningDebitBalance>0.00</OpeningDebitBalance>
        <ClosingDebitBalance>0.00</ClosingDebitBalance>
      </Account>
      <Account>
        <AccountID>2789</AccountID>
        <AccountDescription>Påløpt arbeidsgiveravgift andre honorarer</AccountDescription>
        <StandardAccountID>27</StandardAccountID>
        <AccountType>GL</AccountType>
        <OpeningDebitBalance>0.00</OpeningDebitBalance>
        <ClosingDebitBalance>0.00</ClosingDebitBalance>
      </Account>
      <Account>
        <AccountID>2790</AccountID>
        <AccountDescription>Andre offentlige avgifter</AccountDescription>
        <StandardAccountID>27</StandardAccountID>
        <AccountType>GL</AccountType>
        <OpeningDebitBalance>0.00</OpeningDebitBalance>
        <ClosingDebitBalance>0.00</ClosingDebitBalance>
      </Account>
      <Account>
        <AccountID>2800</AccountID>
        <AccountDescription>Avsatt utbytte</AccountDescription>
        <StandardAccountID>28</StandardAccountID>
        <AccountType>GL</AccountType>
        <OpeningDebitBalance>0.00</OpeningDebitBalance>
        <ClosingDebitBalance>0.00</ClosingDebitBalance>
      </Account>
      <Account>
        <AccountID>2900</AccountID>
        <AccountDescription>Forskudd fra kunder</AccountDescription>
        <StandardAccountID>29</StandardAccountID>
        <AccountType>GL</AccountType>
        <OpeningDebitBalance>0.00</OpeningDebitBalance>
        <ClosingDebitBalance>0.00</ClosingDebitBalance>
      </Account>
      <Account>
        <AccountID>2911</AccountID>
        <AccountDescription>Gjeld til ansatte kortsiktig</AccountDescription>
        <StandardAccountID>29</StandardAccountID>
        <AccountType>GL</AccountType>
        <OpeningDebitBalance>0.00</OpeningDebitBalance>
        <ClosingDebitBalance>0.00</ClosingDebitBalance>
      </Account>
      <Account>
        <AccountID>2915</AccountID>
        <AccountDescription>Gjeld til eiere kortsiktig</AccountDescription>
        <StandardAccountID>29</StandardAccountID>
        <AccountType>GL</AccountType>
        <OpeningDebitBalance>0.00</OpeningDebitBalance>
        <ClosingDebitBalance>0.00</ClosingDebitBalance>
      </Account>
      <Account>
        <AccountID>2920</AccountID>
        <AccountDescription>Gjeld til selskap i samme konsern kortsiktig</AccountDescription>
        <StandardAccountID>29</StandardAccountID>
        <AccountType>GL</AccountType>
        <OpeningDebitBalance>0.00</OpeningDebitBalance>
        <ClosingDebitBalance>0.00</ClosingDebitBalance>
      </Account>
      <Account>
        <AccountID>2941</AccountID>
        <AccountDescription>Skyldige feriepenger</AccountDescription>
        <StandardAccountID>29</StandardAccountID>
        <AccountType>GL</AccountType>
        <OpeningDebitBalance>0.00</OpeningDebitBalance>
        <ClosingDebitBalance>0.00</ClosingDebitBalance>
      </Account>
      <Account>
        <AccountID>2950</AccountID>
        <AccountDescription>Påløpt rente</AccountDescription>
        <StandardAccountID>29</StandardAccountID>
        <AccountType>GL</AccountType>
        <OpeningDebitBalance>0.00</OpeningDebitBalance>
        <ClosingDebitBalance>0.00</ClosingDebitBalance>
      </Account>
      <Account>
        <AccountID>2961</AccountID>
        <AccountDescription>Annen påløpt kostnad</AccountDescription>
        <StandardAccountID>29</StandardAccountID>
        <AccountType>GL</AccountType>
        <OpeningDebitBalance>0.00</OpeningDebitBalance>
        <ClosingDebitBalance>0.00</ClosingDebitBalance>
      </Account>
      <Account>
        <AccountID>2965</AccountID>
        <AccountDescription>Forskuddsbetalt inntekt</AccountDescription>
        <StandardAccountID>29</StandardAccountID>
        <AccountType>GL</AccountType>
        <OpeningDebitBalance>0.00</OpeningDebitBalance>
        <ClosingDebitBalance>0.00</ClosingDebitBalance>
      </Account>
      <Account>
        <AccountID>2970</AccountID>
        <AccountDescription>Uopptjent inntekt, kortsiktig</AccountDescription>
        <StandardAccountID>29</StandardAccountID>
        <AccountType>GL</AccountType>
        <OpeningDebitBalance>0.00</OpeningDebitBalance>
        <ClosingDebitBalance>0.00</ClosingDebitBalance>
      </Account>
      <Account>
        <AccountID>2971</AccountID>
        <AccountDescription>Fremtidig garanti- og serviceytelse</AccountDescription>
        <StandardAccountID>29</StandardAccountID>
        <AccountType>GL</AccountType>
        <OpeningDebitBalance>0.00</OpeningDebitBalance>
        <ClosingDebitBalance>0.00</ClosingDebitBalance>
      </Account>
      <Account>
        <AccountID>2989</AccountID>
        <AccountDescription>Regnskapsmessig avsetning for forpliktelser (ikke skattemessig)</AccountDescription>
        <StandardAccountID>29</StandardAccountID>
        <AccountType>GL</AccountType>
        <OpeningDebitBalance>0.00</OpeningDebitBalance>
        <ClosingDebitBalance>0.00</ClosingDebitBalance>
      </Account>
      <Account>
        <AccountID>2991</AccountID>
        <AccountDescription>Gjeld til andre personer enn ansatte og eiere kortsiktig</AccountDescription>
        <StandardAccountID>29</StandardAccountID>
        <AccountType>GL</AccountType>
        <OpeningDebitBalance>0.00</OpeningDebitBalance>
        <ClosingDebitBalance>0.00</ClosingDebitBalance>
      </Account>
      <Account>
        <AccountID>3000</AccountID>
        <AccountDescription>Salgsinntekt varer, høy mva-sats</AccountDescription>
        <StandardAccountID>30</StandardAccountID>
        <AccountType>GL</AccountType>
        <OpeningDebitBalance>0.00</OpeningDebitBalance>
        <ClosingDebitBalance>0.00</ClosingDebitBalance>
      </Account>
      <Account>
        <AccountID>3009</AccountID>
        <AccountDescription>Opptjent, ikke fakturert inntekt (varesalg, høy mva-sats)</AccountDescription>
        <StandardAccountID>30</StandardAccountID>
        <AccountType>GL</AccountType>
        <OpeningDebitBalance>0.00</OpeningDebitBalance>
        <ClosingDebitBalance>0.00</ClosingDebitBalance>
      </Account>
      <Account>
        <AccountID>3010</AccountID>
        <AccountDescription>Salgsinntekt egenproduserte varer, høy mva-sats</AccountDescription>
        <StandardAccountID>30</StandardAccountID>
        <AccountType>GL</AccountType>
        <OpeningDebitBalance>0.00</OpeningDebitBalance>
        <ClosingDebitBalance>0.00</ClosingDebitBalance>
      </Account>
      <Account>
        <AccountID>3019</AccountID>
        <AccountDescription>Opptjent, ikke fakturert inntekt (egentilvirkede varer, høy mva-sats)</AccountDescription>
        <StandardAccountID>30</StandardAccountID>
        <AccountType>GL</AccountType>
        <OpeningDebitBalance>0.00</OpeningDebitBalance>
        <ClosingDebitBalance>0.00</ClosingDebitBalance>
      </Account>
      <Account>
        <AccountID>3029</AccountID>
        <AccountDescription>Opptjent, ikke fakturert inntekt (tjenestesalg, høy mva-sats)</AccountDescription>
        <StandardAccountID>30</StandardAccountID>
        <AccountType>GL</AccountType>
        <OpeningDebitBalance>0.00</OpeningDebitBalance>
        <ClosingDebitBalance>0.00</ClosingDebitBalance>
      </Account>
      <Account>
        <AccountID>3030</AccountID>
        <AccountDescription>Salgsinntekt varer, middels mva-sats</AccountDescription>
        <StandardAccountID>30</StandardAccountID>
        <AccountType>GL</AccountType>
        <OpeningDebitBalance>0.00</OpeningDebitBalance>
        <ClosingDebitBalance>0.00</ClosingDebitBalance>
      </Account>
      <Account>
        <AccountID>3039</AccountID>
        <AccountDescription>Opptjent, ikke fakturert inntekt (varesalg, middels mva-sats)</AccountDescription>
        <StandardAccountID>30</StandardAccountID>
        <AccountType>GL</AccountType>
        <OpeningDebitBalance>0.00</OpeningDebitBalance>
        <ClosingDebitBalance>0.00</ClosingDebitBalance>
      </Account>
      <Account>
        <AccountID>3040</AccountID>
        <AccountDescription>Salgsinntekt egenproduserte varer, middels mva-sats</AccountDescription>
        <StandardAccountID>30</StandardAccountID>
        <AccountType>GL</AccountType>
        <OpeningDebitBalance>0.00</OpeningDebitBalance>
        <ClosingDebitBalance>0.00</ClosingDebitBalance>
      </Account>
      <Account>
        <AccountID>3049</AccountID>
        <AccountDescription>Opptjent, ikke fakturert inntekt (egentilvirkede varer, middels mva-sats)</AccountDescription>
        <StandardAccountID>30</StandardAccountID>
        <AccountType>GL</AccountType>
        <OpeningDebitBalance>0.00</OpeningDebitBalance>
        <ClosingDebitBalance>0.00</ClosingDebitBalance>
      </Account>
      <Account>
        <AccountID>3050</AccountID>
        <AccountDescription>Salgsinntekt tjenester, lav mva-sats</AccountDescription>
        <StandardAccountID>30</StandardAccountID>
        <AccountType>GL</AccountType>
        <OpeningDebitBalance>0.00</OpeningDebitBalance>
        <ClosingDebitBalance>0.00</ClosingDebitBalance>
      </Account>
      <Account>
        <AccountID>3059</AccountID>
        <AccountDescription>Opptjent, ikke fakturert inntekt (tjenestesalg, mva-lav sats)</AccountDescription>
        <StandardAccountID>30</StandardAccountID>
        <AccountType>GL</AccountType>
        <OpeningDebitBalance>0.00</OpeningDebitBalance>
        <ClosingDebitBalance>0.00</ClosingDebitBalance>
      </Account>
      <Account>
        <AccountID>3061</AccountID>
        <AccountDescription>Uttak av varer, høy mva-sats</AccountDescription>
        <StandardAccountID>30</StandardAccountID>
        <AccountType>GL</AccountType>
        <OpeningDebitBalance>0.00</OpeningDebitBalance>
        <ClosingDebitBalance>0.00</ClosingDebitBalance>
      </Account>
      <Account>
        <AccountID>3063</AccountID>
        <AccountDescription>Uttak av varer, middels mva-sats</AccountDescription>
        <StandardAccountID>30</StandardAccountID>
        <AccountType>GL</AccountType>
        <OpeningDebitBalance>0.00</OpeningDebitBalance>
        <ClosingDebitBalance>0.00</ClosingDebitBalance>
      </Account>
      <Account>
        <AccountID>3070</AccountID>
        <AccountDescription>Uttak av tjenester, høy mva-sats</AccountDescription>
        <StandardAccountID>30</StandardAccountID>
        <AccountType>GL</AccountType>
        <OpeningDebitBalance>0.00</OpeningDebitBalance>
        <ClosingDebitBalance>0.00</ClosingDebitBalance>
      </Account>
      <Account>
        <AccountID>3081</AccountID>
        <AccountDescription>Rabatt ved salg, mva-pliktig</AccountDescription>
        <StandardAccountID>30</StandardAccountID>
        <AccountType>GL</AccountType>
        <OpeningDebitBalance>0.00</OpeningDebitBalance>
        <ClosingDebitBalance>0.00</ClosingDebitBalance>
      </Account>
      <Account>
        <AccountID>3090</AccountID>
        <AccountDescription>Viderefakturerte utlegg, høy mva-sats</AccountDescription>
        <StandardAccountID>30</StandardAccountID>
        <AccountType>GL</AccountType>
        <OpeningDebitBalance>0.00</OpeningDebitBalance>
        <ClosingDebitBalance>0.00</ClosingDebitBalance>
      </Account>
      <Account>
        <AccountID>3100</AccountID>
        <AccountDescription>Salgsinntekt varer, fritatt for mva</AccountDescription>
        <StandardAccountID>31</StandardAccountID>
        <AccountType>GL</AccountType>
        <OpeningDebitBalance>0.00</OpeningDebitBalance>
        <ClosingDebitBalance>0.00</ClosingDebitBalance>
      </Account>
      <Account>
        <AccountID>3109</AccountID>
        <AccountDescription>Opptjent, ikke fakturert inntekt (varesalg, fritatt for mva)</AccountDescription>
        <StandardAccountID>31</StandardAccountID>
        <AccountType>GL</AccountType>
        <OpeningDebitBalance>0.00</OpeningDebitBalance>
        <ClosingDebitBalance>0.00</ClosingDebitBalance>
      </Account>
      <Account>
        <AccountID>3110</AccountID>
        <AccountDescription>Salgsinntekt egenproduserte varer, fritatt for mva</AccountDescription>
        <StandardAccountID>31</StandardAccountID>
        <AccountType>GL</AccountType>
        <OpeningDebitBalance>0.00</OpeningDebitBalance>
        <ClosingDebitBalance>0.00</ClosingDebitBalance>
      </Account>
      <Account>
        <AccountID>3119</AccountID>
        <AccountDescription>Opptjent, ikke fakturert inntekt (salgsinntekt egentilvirkede varer, avgiftsfri)</AccountDescription>
        <StandardAccountID>31</StandardAccountID>
        <AccountType>GL</AccountType>
        <OpeningDebitBalance>0.00</OpeningDebitBalance>
        <ClosingDebitBalance>0.00</ClosingDebitBalance>
      </Account>
      <Account>
        <AccountID>3120</AccountID>
        <AccountDescription>Salgsinntekt tjenester, fritatt for mva</AccountDescription>
        <StandardAccountID>31</StandardAccountID>
        <AccountType>GL</AccountType>
        <OpeningDebitBalance>0.00</OpeningDebitBalance>
        <ClosingDebitBalance>0.00</ClosingDebitBalance>
      </Account>
      <Account>
        <AccountID>3129</AccountID>
        <AccountDescription>Opptjent, ikke fakturert inntekt (salgsinntekt tjenester, fritatt for mva)</AccountDescription>
        <StandardAccountID>31</StandardAccountID>
        <AccountType>GL</AccountType>
        <OpeningDebitBalance>0.00</OpeningDebitBalance>
        <ClosingDebitBalance>0.00</ClosingDebitBalance>
      </Account>
      <Account>
        <AccountID>3160</AccountID>
        <AccountDescription>Uttak av varer, fritatt for mva</AccountDescription>
        <StandardAccountID>31</StandardAccountID>
        <AccountType>GL</AccountType>
        <OpeningDebitBalance>0.00</OpeningDebitBalance>
        <ClosingDebitBalance>0.00</ClosingDebitBalance>
      </Account>
      <Account>
        <AccountID>3170</AccountID>
        <AccountDescription>Uttak av tjenester, fritatt for mva</AccountDescription>
        <StandardAccountID>31</StandardAccountID>
        <AccountType>GL</AccountType>
        <OpeningDebitBalance>0.00</OpeningDebitBalance>
        <ClosingDebitBalance>0.00</ClosingDebitBalance>
      </Account>
      <Account>
        <AccountID>3181</AccountID>
        <AccountDescription>Rabatt ved salg, fritatt for mva</AccountDescription>
        <StandardAccountID>31</StandardAccountID>
        <AccountType>GL</AccountType>
        <OpeningDebitBalance>0.00</OpeningDebitBalance>
        <ClosingDebitBalance>0.00</ClosingDebitBalance>
      </Account>
      <Account>
        <AccountID>3190</AccountID>
        <AccountDescription>Viderefakturerte utlegg (fritatt for mva)</AccountDescription>
        <StandardAccountID>31</StandardAccountID>
        <AccountType>GL</AccountType>
        <OpeningDebitBalance>0.00</OpeningDebitBalance>
        <ClosingDebitBalance>0.00</ClosingDebitBalance>
      </Account>
      <Account>
        <AccountID>3200</AccountID>
        <AccountDescription>Salgsinntekt varer, unntatt for mva</AccountDescription>
        <StandardAccountID>32</StandardAccountID>
        <AccountType>GL</AccountType>
        <OpeningDebitBalance>0.00</OpeningDebitBalance>
        <ClosingDebitBalance>0.00</ClosingDebitBalance>
      </Account>
      <Account>
        <AccountID>3209</AccountID>
        <AccountDescription>Opptjent, ikke fakturert inntekt (varesalg, unntatt for mva)</AccountDescription>
        <StandardAccountID>32</StandardAccountID>
        <AccountType>GL</AccountType>
        <OpeningDebitBalance>0.00</OpeningDebitBalance>
        <ClosingDebitBalance>0.00</ClosingDebitBalance>
      </Account>
      <Account>
        <AccountID>3210</AccountID>
        <AccountDescription>Salgsinntekt egenproduserte varer, unntatt for mva</AccountDescription>
        <StandardAccountID>32</StandardAccountID>
        <AccountType>GL</AccountType>
        <OpeningDebitBalance>0.00</OpeningDebitBalance>
        <ClosingDebitBalance>0.00</ClosingDebitBalance>
      </Account>
      <Account>
        <AccountID>3219</AccountID>
        <AccountDescription>Opptjent, ikke fakturert inntekt (salgsinntekt egenproduserte varer, unntatt for mva)</AccountDescription>
        <StandardAccountID>32</StandardAccountID>
        <AccountType>GL</AccountType>
        <OpeningDebitBalance>0.00</OpeningDebitBalance>
        <ClosingDebitBalance>0.00</ClosingDebitBalance>
      </Account>
      <Account>
        <AccountID>3220</AccountID>
        <AccountDescription>Salgsinntekt tjenester, unntatt for mva</AccountDescription>
        <StandardAccountID>32</StandardAccountID>
        <AccountType>GL</AccountType>
        <OpeningDebitBalance>0.00</OpeningDebitBalance>
        <ClosingDebitBalance>0.00</ClosingDebitBalance>
      </Account>
      <Account>
        <AccountID>3229</AccountID>
        <AccountDescription>Opptjent, ikke fakturert inntekt (salgsinntekt tjenester, unntatt for mva)</AccountDescription>
        <StandardAccountID>32</StandardAccountID>
        <AccountType>GL</AccountType>
        <OpeningDebitBalance>0.00</OpeningDebitBalance>
        <ClosingDebitBalance>0.00</ClosingDebitBalance>
      </Account>
      <Account>
        <AccountID>3260</AccountID>
        <AccountDescription>Uttak av varer, unntatt for mva</AccountDescription>
        <StandardAccountID>32</StandardAccountID>
        <AccountType>GL</AccountType>
        <OpeningDebitBalance>0.00</OpeningDebitBalance>
        <ClosingDebitBalance>0.00</ClosingDebitBalance>
      </Account>
      <Account>
        <AccountID>3281</AccountID>
        <AccountDescription>Rabatt ved salg, unntatt for mva</AccountDescription>
        <StandardAccountID>32</StandardAccountID>
        <AccountType>GL</AccountType>
        <OpeningDebitBalance>0.00</OpeningDebitBalance>
        <ClosingDebitBalance>0.00</ClosingDebitBalance>
      </Account>
      <Account>
        <AccountID>3290</AccountID>
        <AccountDescription>Viderefakturerte utlegg (unntatt for mva)</AccountDescription>
        <StandardAccountID>32</StandardAccountID>
        <AccountType>GL</AccountType>
        <OpeningDebitBalance>0.00</OpeningDebitBalance>
        <ClosingDebitBalance>0.00</ClosingDebitBalance>
      </Account>
      <Account>
        <AccountID>3300</AccountID>
        <AccountDescription>Spesiell offentlig avgift for tilvirkede/solgte varer</AccountDescription>
        <StandardAccountID>33</StandardAccountID>
        <AccountType>GL</AccountType>
        <OpeningDebitBalance>0.00</OpeningDebitBalance>
        <ClosingDebitBalance>0.00</ClosingDebitBalance>
      </Account>
      <Account>
        <AccountID>3400</AccountID>
        <AccountDescription>Spesielt offentlig tilskudd for tilvirkede/solgte varer</AccountDescription>
        <StandardAccountID>34</StandardAccountID>
        <AccountType>GL</AccountType>
        <OpeningDebitBalance>0.00</OpeningDebitBalance>
        <ClosingDebitBalance>0.00</ClosingDebitBalance>
      </Account>
      <Account>
        <AccountID>3440</AccountID>
        <AccountDescription>Spesielt offentlig tilskudd for tjeneste</AccountDescription>
        <StandardAccountID>34</StandardAccountID>
        <AccountType>GL</AccountType>
        <OpeningDebitBalance>0.00</OpeningDebitBalance>
        <ClosingDebitBalance>0.00</ClosingDebitBalance>
      </Account>
      <Account>
        <AccountID>3500</AccountID>
        <AccountDescription>Garanti og service</AccountDescription>
        <StandardAccountID>35</StandardAccountID>
        <AccountType>GL</AccountType>
        <OpeningDebitBalance>0.00</OpeningDebitBalance>
        <ClosingDebitBalance>0.00</ClosingDebitBalance>
      </Account>
      <Account>
        <AccountID>3550</AccountID>
        <AccountDescription>Annen uopptjent inntekt</AccountDescription>
        <StandardAccountID>35</StandardAccountID>
        <AccountType>GL</AccountType>
        <OpeningDebitBalance>0.00</OpeningDebitBalance>
        <ClosingDebitBalance>0.00</ClosingDebitBalance>
      </Account>
      <Account>
        <AccountID>3601</AccountID>
        <AccountDescription>Leieinntekt fast eiendom, unntatt for mva</AccountDescription>
        <StandardAccountID>36</StandardAccountID>
        <AccountType>GL</AccountType>
        <OpeningDebitBalance>0.00</OpeningDebitBalance>
        <ClosingDebitBalance>0.00</ClosingDebitBalance>
      </Account>
      <Account>
        <AccountID>3605</AccountID>
        <AccountDescription>Leieinntekt fast eiendom, mva-pliktig</AccountDescription>
        <StandardAccountID>36</StandardAccountID>
        <AccountType>GL</AccountType>
        <OpeningDebitBalance>0.00</OpeningDebitBalance>
        <ClosingDebitBalance>0.00</ClosingDebitBalance>
      </Account>
      <Account>
        <AccountID>3609</AccountID>
        <AccountDescription>Opptjent, ikke fakturert leieinntekt, Fast eiendom</AccountDescription>
        <StandardAccountID>36</StandardAccountID>
        <AccountType>GL</AccountType>
        <OpeningDebitBalance>0.00</OpeningDebitBalance>
        <ClosingDebitBalance>0.00</ClosingDebitBalance>
      </Account>
      <Account>
        <AccountID>3611</AccountID>
        <AccountDescription>Leieinntekt andre varige driftsmidler, mva-pliktig</AccountDescription>
        <StandardAccountID>36</StandardAccountID>
        <AccountType>GL</AccountType>
        <OpeningDebitBalance>0.00</OpeningDebitBalance>
        <ClosingDebitBalance>0.00</ClosingDebitBalance>
      </Account>
      <Account>
        <AccountID>3615</AccountID>
        <AccountDescription>Leieinntekt andre varige driftsmidler, fritatt for mva</AccountDescription>
        <StandardAccountID>36</StandardAccountID>
        <AccountType>GL</AccountType>
        <OpeningDebitBalance>0.00</OpeningDebitBalance>
        <ClosingDebitBalance>0.00</ClosingDebitBalance>
      </Account>
      <Account>
        <AccountID>3619</AccountID>
        <AccountDescription>Opptjent, ikke fakturert leieinntekt, Andre varige driftsmidler</AccountDescription>
        <StandardAccountID>36</StandardAccountID>
        <AccountType>GL</AccountType>
        <OpeningDebitBalance>0.00</OpeningDebitBalance>
        <ClosingDebitBalance>0.00</ClosingDebitBalance>
      </Account>
      <Account>
        <AccountID>3620</AccountID>
        <AccountDescription>Annen leieinntekt</AccountDescription>
        <StandardAccountID>36</StandardAccountID>
        <AccountType>GL</AccountType>
        <OpeningDebitBalance>0.00</OpeningDebitBalance>
        <ClosingDebitBalance>0.00</ClosingDebitBalance>
      </Account>
      <Account>
        <AccountID>3701</AccountID>
        <AccountDescription>Provisjonsinntekt, mva-pliktig</AccountDescription>
        <StandardAccountID>37</StandardAccountID>
        <AccountType>GL</AccountType>
        <OpeningDebitBalance>0.00</OpeningDebitBalance>
        <ClosingDebitBalance>0.00</ClosingDebitBalance>
      </Account>
      <Account>
        <AccountID>3705</AccountID>
        <AccountDescription>Provisjonsinntekt, fritatt for mva</AccountDescription>
        <StandardAccountID>37</StandardAccountID>
        <AccountType>GL</AccountType>
        <OpeningDebitBalance>0.00</OpeningDebitBalance>
        <ClosingDebitBalance>0.00</ClosingDebitBalance>
      </Account>
      <Account>
        <AccountID>3707</AccountID>
        <AccountDescription>Provisjonsinntekt, unntatt for mva</AccountDescription>
        <StandardAccountID>37</StandardAccountID>
        <AccountType>GL</AccountType>
        <OpeningDebitBalance>0.00</OpeningDebitBalance>
        <ClosingDebitBalance>0.00</ClosingDebitBalance>
      </Account>
      <Account>
        <AccountID>3709</AccountID>
        <AccountDescription>Opptjent, ikke fakturert provisjonsinntekt</AccountDescription>
        <StandardAccountID>37</StandardAccountID>
        <AccountType>GL</AccountType>
        <OpeningDebitBalance>0.00</OpeningDebitBalance>
        <ClosingDebitBalance>0.00</ClosingDebitBalance>
      </Account>
      <Account>
        <AccountID>3710</AccountID>
        <AccountDescription>Lisens-, patent- og royaltyinntekt</AccountDescription>
        <StandardAccountID>37</StandardAccountID>
        <AccountType>GL</AccountType>
        <OpeningDebitBalance>0.00</OpeningDebitBalance>
        <ClosingDebitBalance>0.00</ClosingDebitBalance>
      </Account>
      <Account>
        <AccountID>3850</AccountID>
        <AccountDescription>Verdiendringer investeringseiendommer</AccountDescription>
        <StandardAccountID>38</StandardAccountID>
        <AccountType>GL</AccountType>
        <OpeningDebitBalance>0.00</OpeningDebitBalance>
        <ClosingDebitBalance>0.00</ClosingDebitBalance>
      </Account>
      <Account>
        <AccountID>3870</AccountID>
        <AccountDescription>Verdiendringer biologiske eiendeler</AccountDescription>
        <StandardAccountID>38</StandardAccountID>
        <AccountType>GL</AccountType>
        <OpeningDebitBalance>0.00</OpeningDebitBalance>
        <ClosingDebitBalance>0.00</ClosingDebitBalance>
      </Account>
      <Account>
        <AccountID>3881</AccountID>
        <AccountDescription>Salgssum anleggsmidler, mva-pliktig</AccountDescription>
        <StandardAccountID>38</StandardAccountID>
        <AccountType>GL</AccountType>
        <OpeningDebitBalance>0.00</OpeningDebitBalance>
        <ClosingDebitBalance>0.00</ClosingDebitBalance>
      </Account>
      <Account>
        <AccountID>3882</AccountID>
        <AccountDescription>Salgssum anleggsmidler, fritatt for mva</AccountDescription>
        <StandardAccountID>38</StandardAccountID>
        <AccountType>GL</AccountType>
        <OpeningDebitBalance>0.00</OpeningDebitBalance>
        <ClosingDebitBalance>0.00</ClosingDebitBalance>
      </Account>
      <Account>
        <AccountID>3887</AccountID>
        <AccountDescription>Salgssum anleggsmidler, unntatt for mva</AccountDescription>
        <StandardAccountID>38</StandardAccountID>
        <AccountType>GL</AccountType>
        <OpeningDebitBalance>0.00</OpeningDebitBalance>
        <ClosingDebitBalance>0.00</ClosingDebitBalance>
      </Account>
      <Account>
        <AccountID>3889</AccountID>
        <AccountDescription>Motkonto balanseverdi solgte anleggsmidler</AccountDescription>
        <StandardAccountID>38</StandardAccountID>
        <AccountType>GL</AccountType>
        <OpeningDebitBalance>0.00</OpeningDebitBalance>
        <ClosingDebitBalance>0.00</ClosingDebitBalance>
      </Account>
      <Account>
        <AccountID>3891</AccountID>
        <AccountDescription>Salgssum gevinst finansielle anleggsmidler</AccountDescription>
        <StandardAccountID>38</StandardAccountID>
        <AccountType>GL</AccountType>
        <OpeningDebitBalance>0.00</OpeningDebitBalance>
        <ClosingDebitBalance>0.00</ClosingDebitBalance>
      </Account>
      <Account>
        <AccountID>3899</AccountID>
        <AccountDescription>Motkonto balanseverdi finansielle anleggsmidler</AccountDescription>
        <StandardAccountID>38</StandardAccountID>
        <AccountType>GL</AccountType>
        <OpeningDebitBalance>0.00</OpeningDebitBalance>
        <ClosingDebitBalance>0.00</ClosingDebitBalance>
      </Account>
      <Account>
        <AccountID>3900</AccountID>
        <AccountDescription>Annen driftsrelatert inntekt</AccountDescription>
        <StandardAccountID>39</StandardAccountID>
        <AccountType>GL</AccountType>
        <OpeningDebitBalance>0.00</OpeningDebitBalance>
        <ClosingDebitBalance>0.00</ClosingDebitBalance>
      </Account>
      <Account>
        <AccountID>3971</AccountID>
        <AccountDescription>Justering av merverdiavgift på maskiner og fast eiendom</AccountDescription>
        <StandardAccountID>39</StandardAccountID>
        <AccountType>GL</AccountType>
        <OpeningDebitBalance>0.00</OpeningDebitBalance>
        <ClosingDebitBalance>0.00</ClosingDebitBalance>
      </Account>
      <Account>
        <AccountID>4000</AccountID>
        <AccountDescription>Råvarer og halvfabrikata</AccountDescription>
        <StandardAccountID>40</StandardAccountID>
        <AccountType>GL</AccountType>
        <OpeningDebitBalance>0.00</OpeningDebitBalance>
        <ClosingDebitBalance>0.00</ClosingDebitBalance>
      </Account>
      <Account>
        <AccountID>4030</AccountID>
        <AccountDescription>Råvarer og halvfabrikata, middels mva-sats</AccountDescription>
        <StandardAccountID>40</StandardAccountID>
        <AccountType>GL</AccountType>
        <OpeningDebitBalance>0.00</OpeningDebitBalance>
        <ClosingDebitBalance>0.00</ClosingDebitBalance>
      </Account>
      <Account>
        <AccountID>4060</AccountID>
        <AccountDescription>Frakt og toll ved mottak av råvarer og halvfabrikata</AccountDescription>
        <StandardAccountID>40</StandardAccountID>
        <AccountType>GL</AccountType>
        <OpeningDebitBalance>0.00</OpeningDebitBalance>
        <ClosingDebitBalance>0.00</ClosingDebitBalance>
      </Account>
      <Account>
        <AccountID>4071</AccountID>
        <AccountDescription>Rabatt på kjøp av råvarer og halvfabrikata</AccountDescription>
        <StandardAccountID>40</StandardAccountID>
        <AccountType>GL</AccountType>
        <OpeningDebitBalance>0.00</OpeningDebitBalance>
        <ClosingDebitBalance>0.00</ClosingDebitBalance>
      </Account>
      <Account>
        <AccountID>4090</AccountID>
        <AccountDescription>Varetelling: Varelagerendring råvarer og halvfabrikata</AccountDescription>
        <StandardAccountID>40</StandardAccountID>
        <AccountType>GL</AccountType>
        <OpeningDebitBalance>0.00</OpeningDebitBalance>
        <ClosingDebitBalance>0.00</ClosingDebitBalance>
      </Account>
      <Account>
        <AccountID>4100</AccountID>
        <AccountDescription>Innkjøp varer under produksjon, høy mva-sats</AccountDescription>
        <StandardAccountID>41</StandardAccountID>
        <AccountType>GL</AccountType>
        <OpeningDebitBalance>0.00</OpeningDebitBalance>
        <ClosingDebitBalance>0.00</ClosingDebitBalance>
      </Account>
      <Account>
        <AccountID>4130</AccountID>
        <AccountDescription>Innkjøp varer under produksjon, middels mva-sats</AccountDescription>
        <StandardAccountID>41</StandardAccountID>
        <AccountType>GL</AccountType>
        <OpeningDebitBalance>0.00</OpeningDebitBalance>
        <ClosingDebitBalance>0.00</ClosingDebitBalance>
      </Account>
      <Account>
        <AccountID>4160</AccountID>
        <AccountDescription>Frakt og toll på innkjøp varer under produksjon</AccountDescription>
        <StandardAccountID>41</StandardAccountID>
        <AccountType>GL</AccountType>
        <OpeningDebitBalance>0.00</OpeningDebitBalance>
        <ClosingDebitBalance>0.00</ClosingDebitBalance>
      </Account>
      <Account>
        <AccountID>4171</AccountID>
        <AccountDescription>Rabatt på kjøp av varer under produksjon</AccountDescription>
        <StandardAccountID>41</StandardAccountID>
        <AccountType>GL</AccountType>
        <OpeningDebitBalance>0.00</OpeningDebitBalance>
        <ClosingDebitBalance>0.00</ClosingDebitBalance>
      </Account>
      <Account>
        <AccountID>4190</AccountID>
        <AccountDescription>Varetelling: Varelagerendring varer under tilvirkning</AccountDescription>
        <StandardAccountID>41</StandardAccountID>
        <AccountType>GL</AccountType>
        <OpeningDebitBalance>0.00</OpeningDebitBalance>
        <ClosingDebitBalance>0.00</ClosingDebitBalance>
      </Account>
      <Account>
        <AccountID>4200</AccountID>
        <AccountDescription>Innkjøp ferdig egenproduserte varer, høy mva-sats</AccountDescription>
        <StandardAccountID>42</StandardAccountID>
        <AccountType>GL</AccountType>
        <OpeningDebitBalance>0.00</OpeningDebitBalance>
        <ClosingDebitBalance>0.00</ClosingDebitBalance>
      </Account>
      <Account>
        <AccountID>4230</AccountID>
        <AccountDescription>Innkjøp ferdig egenproduserte varer, middels mva-sats</AccountDescription>
        <StandardAccountID>42</StandardAccountID>
        <AccountType>GL</AccountType>
        <OpeningDebitBalance>0.00</OpeningDebitBalance>
        <ClosingDebitBalance>0.00</ClosingDebitBalance>
      </Account>
      <Account>
        <AccountID>4260</AccountID>
        <AccountDescription>Frakt og toll på innkjøp ferdig egenproduserte varer</AccountDescription>
        <StandardAccountID>42</StandardAccountID>
        <AccountType>GL</AccountType>
        <OpeningDebitBalance>0.00</OpeningDebitBalance>
        <ClosingDebitBalance>0.00</ClosingDebitBalance>
      </Account>
      <Account>
        <AccountID>4270</AccountID>
        <AccountDescription>Rabatt på kjøp av egenproduserte varer</AccountDescription>
        <StandardAccountID>42</StandardAccountID>
        <AccountType>GL</AccountType>
        <OpeningDebitBalance>0.00</OpeningDebitBalance>
        <ClosingDebitBalance>0.00</ClosingDebitBalance>
      </Account>
      <Account>
        <AccountID>4290</AccountID>
        <AccountDescription>Varetelling: Varelagerendring ferdig egenproduserte varer</AccountDescription>
        <StandardAccountID>42</StandardAccountID>
        <AccountType>GL</AccountType>
        <OpeningDebitBalance>0.00</OpeningDebitBalance>
        <ClosingDebitBalance>0.00</ClosingDebitBalance>
      </Account>
      <Account>
        <AccountID>4300</AccountID>
        <AccountDescription>Varer for videresalg</AccountDescription>
        <StandardAccountID>43</StandardAccountID>
        <AccountType>GL</AccountType>
        <OpeningDebitBalance>0.00</OpeningDebitBalance>
        <ClosingDebitBalance>0.00</ClosingDebitBalance>
      </Account>
      <Account>
        <AccountID>4330</AccountID>
        <AccountDescription>Varer for videresalg, middels mva-sats</AccountDescription>
        <StandardAccountID>43</StandardAccountID>
        <AccountType>GL</AccountType>
        <OpeningDebitBalance>0.00</OpeningDebitBalance>
        <ClosingDebitBalance>0.00</ClosingDebitBalance>
      </Account>
      <Account>
        <AccountID>4360</AccountID>
        <AccountDescription>Frakt og toll ved mottak av varer for videresalg</AccountDescription>
        <StandardAccountID>43</StandardAccountID>
        <AccountType>GL</AccountType>
        <OpeningDebitBalance>0.00</OpeningDebitBalance>
        <ClosingDebitBalance>0.00</ClosingDebitBalance>
      </Account>
      <Account>
        <AccountID>4371</AccountID>
        <AccountDescription>Rabatt på kjøp av varer for videresalg</AccountDescription>
        <StandardAccountID>43</StandardAccountID>
        <AccountType>GL</AccountType>
        <OpeningDebitBalance>0.00</OpeningDebitBalance>
        <ClosingDebitBalance>0.00</ClosingDebitBalance>
      </Account>
      <Account>
        <AccountID>4390</AccountID>
        <AccountDescription>Varetelling: Varelagerendring varer for videresalg / Endring på varelager for videresalg</AccountDescription>
        <StandardAccountID>43</StandardAccountID>
        <AccountType>GL</AccountType>
        <OpeningDebitBalance>0.00</OpeningDebitBalance>
        <ClosingDebitBalance>0.00</ClosingDebitBalance>
      </Account>
      <Account>
        <AccountID>4500</AccountID>
        <AccountDescription>Innleid arbeidskraft, fremmedytelse og underentreprenør</AccountDescription>
        <StandardAccountID>45</StandardAccountID>
        <AccountType>GL</AccountType>
        <OpeningDebitBalance>0.00</OpeningDebitBalance>
        <ClosingDebitBalance>0.00</ClosingDebitBalance>
      </Account>
      <Account>
        <AccountID>4550</AccountID>
        <AccountDescription>Innleid arbeidskraft, fremmedytelse og underentreprenør, opplysningspliktig</AccountDescription>
        <StandardAccountID>45</StandardAccountID>
        <AccountType>GL</AccountType>
        <OpeningDebitBalance>0.00</OpeningDebitBalance>
        <ClosingDebitBalance>0.00</ClosingDebitBalance>
      </Account>
      <Account>
        <AccountID>4590</AccountID>
        <AccountDescription>Varelagerendring innleid arbeidskraft, fremmedytelse og underentreprenør</AccountDescription>
        <StandardAccountID>45</StandardAccountID>
        <AccountType>GL</AccountType>
        <OpeningDebitBalance>0.00</OpeningDebitBalance>
        <ClosingDebitBalance>0.00</ClosingDebitBalance>
      </Account>
      <Account>
        <AccountID>4600</AccountID>
        <AccountDescription>Emballasje og pakker</AccountDescription>
        <StandardAccountID>46</StandardAccountID>
        <AccountType>GL</AccountType>
        <OpeningDebitBalance>0.00</OpeningDebitBalance>
        <ClosingDebitBalance>0.00</ClosingDebitBalance>
      </Account>
      <Account>
        <AccountID>4690</AccountID>
        <AccountDescription>Varetelling: Varelagerendring emballasje og pakker</AccountDescription>
        <StandardAccountID>46</StandardAccountID>
        <AccountType>GL</AccountType>
        <OpeningDebitBalance>0.00</OpeningDebitBalance>
        <ClosingDebitBalance>0.00</ClosingDebitBalance>
      </Account>
      <Account>
        <AccountID>4900</AccountID>
        <AccountDescription>Annen periodisering</AccountDescription>
        <StandardAccountID>49</StandardAccountID>
        <AccountType>GL</AccountType>
        <OpeningDebitBalance>0.00</OpeningDebitBalance>
        <ClosingDebitBalance>0.00</ClosingDebitBalance>
      </Account>
      <Account>
        <AccountID>4990</AccountID>
        <AccountDescription>Beholdningsendring, egentilvirkede anleggsmidler</AccountDescription>
        <StandardAccountID>49</StandardAccountID>
        <AccountType>GL</AccountType>
        <OpeningDebitBalance>0.00</OpeningDebitBalance>
        <ClosingDebitBalance>0.00</ClosingDebitBalance>
      </Account>
      <Account>
        <AccountID>5001</AccountID>
        <AccountDescription>Lønn til ansatte</AccountDescription>
        <StandardAccountID>50</StandardAccountID>
        <AccountType>GL</AccountType>
        <OpeningDebitBalance>0.00</OpeningDebitBalance>
        <ClosingDebitBalance>0.00</ClosingDebitBalance>
      </Account>
      <Account>
        <AccountID>5005</AccountID>
        <AccountDescription>Avtalte tariffgodtgjørelser</AccountDescription>
        <StandardAccountID>50</StandardAccountID>
        <AccountType>GL</AccountType>
        <OpeningDebitBalance>0.00</OpeningDebitBalance>
        <ClosingDebitBalance>0.00</ClosingDebitBalance>
      </Account>
      <Account>
        <AccountID>5091</AccountID>
        <AccountDescription>Påløpt, ikke utbetalt lønn</AccountDescription>
        <StandardAccountID>50</StandardAccountID>
        <AccountType>GL</AccountType>
        <OpeningDebitBalance>0.00</OpeningDebitBalance>
        <ClosingDebitBalance>0.00</ClosingDebitBalance>
      </Account>
      <Account>
        <AccountID>5092</AccountID>
        <AccountDescription>Feriepenger</AccountDescription>
        <StandardAccountID>50</StandardAccountID>
        <AccountType>GL</AccountType>
        <OpeningDebitBalance>0.00</OpeningDebitBalance>
        <ClosingDebitBalance>0.00</ClosingDebitBalance>
      </Account>
      <Account>
        <AccountID>5099</AccountID>
        <AccountDescription>Andre lønnsposteringer</AccountDescription>
        <StandardAccountID>50</StandardAccountID>
        <AccountType>GL</AccountType>
        <OpeningDebitBalance>0.00</OpeningDebitBalance>
        <ClosingDebitBalance>0.00</ClosingDebitBalance>
      </Account>
      <Account>
        <AccountID>5200</AccountID>
        <AccountDescription>Fri bil</AccountDescription>
        <StandardAccountID>52</StandardAccountID>
        <AccountType>GL</AccountType>
        <OpeningDebitBalance>0.00</OpeningDebitBalance>
        <ClosingDebitBalance>0.00</ClosingDebitBalance>
      </Account>
      <Account>
        <AccountID>5210</AccountID>
        <AccountDescription>Fri telefon</AccountDescription>
        <StandardAccountID>52</StandardAccountID>
        <AccountType>GL</AccountType>
        <OpeningDebitBalance>0.00</OpeningDebitBalance>
        <ClosingDebitBalance>0.00</ClosingDebitBalance>
      </Account>
      <Account>
        <AccountID>5231</AccountID>
        <AccountDescription>Fri kost</AccountDescription>
        <StandardAccountID>52</StandardAccountID>
        <AccountType>GL</AccountType>
        <OpeningDebitBalance>0.00</OpeningDebitBalance>
        <ClosingDebitBalance>0.00</ClosingDebitBalance>
      </Account>
      <Account>
        <AccountID>5235</AccountID>
        <AccountDescription>Fri losji</AccountDescription>
        <StandardAccountID>52</StandardAccountID>
        <AccountType>GL</AccountType>
        <OpeningDebitBalance>0.00</OpeningDebitBalance>
        <ClosingDebitBalance>0.00</ClosingDebitBalance>
      </Account>
      <Account>
        <AccountID>5236</AccountID>
        <AccountDescription>Fri bolig</AccountDescription>
        <StandardAccountID>52</StandardAccountID>
        <AccountType>GL</AccountType>
        <OpeningDebitBalance>0.00</OpeningDebitBalance>
        <ClosingDebitBalance>0.00</ClosingDebitBalance>
      </Account>
      <Account>
        <AccountID>5251</AccountID>
        <AccountDescription>Gruppelivsforsikring</AccountDescription>
        <StandardAccountID>52</StandardAccountID>
        <AccountType>GL</AccountType>
        <OpeningDebitBalance>0.00</OpeningDebitBalance>
        <ClosingDebitBalance>0.00</ClosingDebitBalance>
      </Account>
      <Account>
        <AccountID>5252</AccountID>
        <AccountDescription>Ulykkesforsikring</AccountDescription>
        <StandardAccountID>52</StandardAccountID>
        <AccountType>GL</AccountType>
        <OpeningDebitBalance>0.00</OpeningDebitBalance>
        <ClosingDebitBalance>0.00</ClosingDebitBalance>
      </Account>
      <Account>
        <AccountID>5253</AccountID>
        <AccountDescription>Personavbruddsforsikring</AccountDescription>
        <StandardAccountID>52</StandardAccountID>
        <AccountType>GL</AccountType>
        <OpeningDebitBalance>0.00</OpeningDebitBalance>
        <ClosingDebitBalance>0.00</ClosingDebitBalance>
      </Account>
      <Account>
        <AccountID>5254</AccountID>
        <AccountDescription>Yrkesskadeforsikring, skattepliktig del</AccountDescription>
        <StandardAccountID>52</StandardAccountID>
        <AccountType>GL</AccountType>
        <OpeningDebitBalance>0.00</OpeningDebitBalance>
        <ClosingDebitBalance>0.00</ClosingDebitBalance>
      </Account>
      <Account>
        <AccountID>5280</AccountID>
        <AccountDescription>Annen fordel i arbeidsforhold</AccountDescription>
        <StandardAccountID>52</StandardAccountID>
        <AccountType>GL</AccountType>
        <OpeningDebitBalance>0.00</OpeningDebitBalance>
        <ClosingDebitBalance>0.00</ClosingDebitBalance>
      </Account>
      <Account>
        <AccountID>5290</AccountID>
        <AccountDescription>Motkonto for gruppe 52</AccountDescription>
        <StandardAccountID>52</StandardAccountID>
        <AccountType>GL</AccountType>
        <OpeningDebitBalance>0.00</OpeningDebitBalance>
        <ClosingDebitBalance>0.00</ClosingDebitBalance>
      </Account>
      <Account>
        <AccountID>5310</AccountID>
        <AccountDescription>Betaling av gruppelivsforsikring</AccountDescription>
        <StandardAccountID>53</StandardAccountID>
        <AccountType>GL</AccountType>
        <OpeningDebitBalance>0.00</OpeningDebitBalance>
        <ClosingDebitBalance>0.00</ClosingDebitBalance>
      </Account>
      <Account>
        <AccountID>5320</AccountID>
        <AccountDescription>Betaling av annen personalforsikring</AccountDescription>
        <StandardAccountID>53</StandardAccountID>
        <AccountType>GL</AccountType>
        <OpeningDebitBalance>0.00</OpeningDebitBalance>
        <ClosingDebitBalance>0.00</ClosingDebitBalance>
      </Account>
      <Account>
        <AccountID>5331</AccountID>
        <AccountDescription>Godtgjørelse til styremedlemmer, tantieme og medlemmer av bedriftsforsamlingen</AccountDescription>
        <StandardAccountID>53</StandardAccountID>
        <AccountType>GL</AccountType>
        <OpeningDebitBalance>0.00</OpeningDebitBalance>
        <ClosingDebitBalance>0.00</ClosingDebitBalance>
      </Account>
      <Account>
        <AccountID>5401</AccountID>
        <AccountDescription>Arbeidsgiveravgift</AccountDescription>
        <StandardAccountID>54</StandardAccountID>
        <AccountType>GL</AccountType>
        <OpeningDebitBalance>0.00</OpeningDebitBalance>
        <ClosingDebitBalance>0.00</ClosingDebitBalance>
      </Account>
      <Account>
        <AccountID>5403</AccountID>
        <AccountDescription>Finansskatt</AccountDescription>
        <StandardAccountID>54</StandardAccountID>
        <AccountType>GL</AccountType>
        <OpeningDebitBalance>0.00</OpeningDebitBalance>
        <ClosingDebitBalance>0.00</ClosingDebitBalance>
      </Account>
      <Account>
        <AccountID>5405</AccountID>
        <AccountDescription>Arbeidsgiveravgift av påløpte feriepenger</AccountDescription>
        <StandardAccountID>54</StandardAccountID>
        <AccountType>GL</AccountType>
        <OpeningDebitBalance>0.00</OpeningDebitBalance>
        <ClosingDebitBalance>0.00</ClosingDebitBalance>
      </Account>
      <Account>
        <AccountID>5407</AccountID>
        <AccountDescription>Finansskatt av påløpte feriepenger</AccountDescription>
        <StandardAccountID>54</StandardAccountID>
        <AccountType>GL</AccountType>
        <OpeningDebitBalance>0.00</OpeningDebitBalance>
        <ClosingDebitBalance>0.00</ClosingDebitBalance>
      </Account>
      <Account>
        <AccountID>5420</AccountID>
        <AccountDescription>Innberetningspliktig pensjonskostnad</AccountDescription>
        <StandardAccountID>54</StandardAccountID>
        <AccountType>GL</AccountType>
        <OpeningDebitBalance>0.00</OpeningDebitBalance>
        <ClosingDebitBalance>0.00</ClosingDebitBalance>
      </Account>
      <Account>
        <AccountID>5500</AccountID>
        <AccountDescription>Annen kostnadsgodtgjørelse personalkostnad</AccountDescription>
        <StandardAccountID>55</StandardAccountID>
        <AccountType>GL</AccountType>
        <OpeningDebitBalance>0.00</OpeningDebitBalance>
        <ClosingDebitBalance>0.00</ClosingDebitBalance>
      </Account>
      <Account>
        <AccountID>5700</AccountID>
        <AccountDescription>Lærlingtilskudd</AccountDescription>
        <StandardAccountID>57</StandardAccountID>
        <AccountType>GL</AccountType>
        <OpeningDebitBalance>0.00</OpeningDebitBalance>
        <ClosingDebitBalance>0.00</ClosingDebitBalance>
      </Account>
      <Account>
        <AccountID>5750</AccountID>
        <AccountDescription>Annet lønnstilskudd</AccountDescription>
        <StandardAccountID>57</StandardAccountID>
        <AccountType>GL</AccountType>
        <OpeningDebitBalance>0.00</OpeningDebitBalance>
        <ClosingDebitBalance>0.00</ClosingDebitBalance>
      </Account>
      <Account>
        <AccountID>5800</AccountID>
        <AccountDescription>Refusjon av sykepenger, foreldrepenger mm</AccountDescription>
        <StandardAccountID>58</StandardAccountID>
        <AccountType>GL</AccountType>
        <OpeningDebitBalance>0.00</OpeningDebitBalance>
        <ClosingDebitBalance>0.00</ClosingDebitBalance>
      </Account>
      <Account>
        <AccountID>5820</AccountID>
        <AccountDescription>Refusjon av arbeidsgiveravgift</AccountDescription>
        <StandardAccountID>58</StandardAccountID>
        <AccountType>GL</AccountType>
        <OpeningDebitBalance>0.00</OpeningDebitBalance>
        <ClosingDebitBalance>0.00</ClosingDebitBalance>
      </Account>
      <Account>
        <AccountID>5830</AccountID>
        <AccountDescription>Refusjon arbeidsmarkedstiltak</AccountDescription>
        <StandardAccountID>58</StandardAccountID>
        <AccountType>GL</AccountType>
        <OpeningDebitBalance>0.00</OpeningDebitBalance>
        <ClosingDebitBalance>0.00</ClosingDebitBalance>
      </Account>
      <Account>
        <AccountID>5890</AccountID>
        <AccountDescription>Annen refusjon</AccountDescription>
        <StandardAccountID>58</StandardAccountID>
        <AccountType>GL</AccountType>
        <OpeningDebitBalance>0.00</OpeningDebitBalance>
        <ClosingDebitBalance>0.00</ClosingDebitBalance>
      </Account>
      <Account>
        <AccountID>5901</AccountID>
        <AccountDescription>Gaver til ansatte, med skattefradrag</AccountDescription>
        <StandardAccountID>59</StandardAccountID>
        <AccountType>GL</AccountType>
        <OpeningDebitBalance>0.00</OpeningDebitBalance>
        <ClosingDebitBalance>0.00</ClosingDebitBalance>
      </Account>
      <Account>
        <AccountID>5911</AccountID>
        <AccountDescription>Kantine, snacks og drikke til kontoret</AccountDescription>
        <StandardAccountID>59</StandardAccountID>
        <AccountType>GL</AccountType>
        <OpeningDebitBalance>0.00</OpeningDebitBalance>
        <ClosingDebitBalance>0.00</ClosingDebitBalance>
      </Account>
      <Account>
        <AccountID>5915</AccountID>
        <AccountDescription>Overtidsmat</AccountDescription>
        <StandardAccountID>59</StandardAccountID>
        <AccountType>GL</AccountType>
        <OpeningDebitBalance>0.00</OpeningDebitBalance>
        <ClosingDebitBalance>0.00</ClosingDebitBalance>
      </Account>
      <Account>
        <AccountID>5919</AccountID>
        <AccountDescription>Trekk kantinekostnader ansatte</AccountDescription>
        <StandardAccountID>59</StandardAccountID>
        <AccountType>GL</AccountType>
        <OpeningDebitBalance>0.00</OpeningDebitBalance>
        <ClosingDebitBalance>0.00</ClosingDebitBalance>
      </Account>
      <Account>
        <AccountID>5920</AccountID>
        <AccountDescription>Yrkesskadeforsikring</AccountDescription>
        <StandardAccountID>59</StandardAccountID>
        <AccountType>GL</AccountType>
        <OpeningDebitBalance>0.00</OpeningDebitBalance>
        <ClosingDebitBalance>0.00</ClosingDebitBalance>
      </Account>
      <Account>
        <AccountID>5930</AccountID>
        <AccountDescription>Annen ikke arbeidsgiveravgiftspliktig forsikring</AccountDescription>
        <StandardAccountID>59</StandardAccountID>
        <AccountType>GL</AccountType>
        <OpeningDebitBalance>0.00</OpeningDebitBalance>
        <ClosingDebitBalance>0.00</ClosingDebitBalance>
      </Account>
      <Account>
        <AccountID>5941</AccountID>
        <AccountDescription>LO/NHO-ordningen (O&amp;U+sluttvederlag)</AccountDescription>
        <StandardAccountID>59</StandardAccountID>
        <AccountType>GL</AccountType>
        <OpeningDebitBalance>0.00</OpeningDebitBalance>
        <ClosingDebitBalance>0.00</ClosingDebitBalance>
      </Account>
      <Account>
        <AccountID>5942</AccountID>
        <AccountDescription>LO/NHO-ordningen (AFP)</AccountDescription>
        <StandardAccountID>59</StandardAccountID>
        <AccountType>GL</AccountType>
        <OpeningDebitBalance>0.00</OpeningDebitBalance>
        <ClosingDebitBalance>0.00</ClosingDebitBalance>
      </Account>
      <Account>
        <AccountID>5950</AccountID>
        <AccountDescription>Obligatorisk tjenestepensjon (OTP)</AccountDescription>
        <StandardAccountID>59</StandardAccountID>
        <AccountType>GL</AccountType>
        <OpeningDebitBalance>0.00</OpeningDebitBalance>
        <ClosingDebitBalance>0.00</ClosingDebitBalance>
      </Account>
      <Account>
        <AccountID>5990</AccountID>
        <AccountDescription>Annen personalkostnad, med skattefradrag</AccountDescription>
        <StandardAccountID>59</StandardAccountID>
        <AccountType>GL</AccountType>
        <OpeningDebitBalance>0.00</OpeningDebitBalance>
        <ClosingDebitBalance>0.00</ClosingDebitBalance>
      </Account>
      <Account>
        <AccountID>5991</AccountID>
        <AccountDescription>Annen personalkostnad, uten skattefradrag</AccountDescription>
        <StandardAccountID>59</StandardAccountID>
        <AccountType>GL</AccountType>
        <OpeningDebitBalance>0.00</OpeningDebitBalance>
        <ClosingDebitBalance>0.00</ClosingDebitBalance>
      </Account>
      <Account>
        <AccountID>6000</AccountID>
        <AccountDescription>Avskrivning på bygninger og annen fast eiendom</AccountDescription>
        <StandardAccountID>60</StandardAccountID>
        <AccountType>GL</AccountType>
        <OpeningDebitBalance>0.00</OpeningDebitBalance>
        <ClosingDebitBalance>0.00</ClosingDebitBalance>
      </Account>
      <Account>
        <AccountID>6011</AccountID>
        <AccountDescription>Avskrivning på transportmidler</AccountDescription>
        <StandardAccountID>60</StandardAccountID>
        <AccountType>GL</AccountType>
        <OpeningDebitBalance>0.00</OpeningDebitBalance>
        <ClosingDebitBalance>0.00</ClosingDebitBalance>
      </Account>
      <Account>
        <AccountID>6015</AccountID>
        <AccountDescription>Avskrivning på maskiner</AccountDescription>
        <StandardAccountID>60</StandardAccountID>
        <AccountType>GL</AccountType>
        <OpeningDebitBalance>0.00</OpeningDebitBalance>
        <ClosingDebitBalance>0.00</ClosingDebitBalance>
      </Account>
      <Account>
        <AccountID>6017</AccountID>
        <AccountDescription>Avskrivning på inventar</AccountDescription>
        <StandardAccountID>60</StandardAccountID>
        <AccountType>GL</AccountType>
        <OpeningDebitBalance>0.00</OpeningDebitBalance>
        <ClosingDebitBalance>0.00</ClosingDebitBalance>
      </Account>
      <Account>
        <AccountID>6021</AccountID>
        <AccountDescription>Avskrivning på goodwill</AccountDescription>
        <StandardAccountID>60</StandardAccountID>
        <AccountType>GL</AccountType>
        <OpeningDebitBalance>0.00</OpeningDebitBalance>
        <ClosingDebitBalance>0.00</ClosingDebitBalance>
      </Account>
      <Account>
        <AccountID>6029</AccountID>
        <AccountDescription>Avskrivning på andre immaterielle eiendeler</AccountDescription>
        <StandardAccountID>60</StandardAccountID>
        <AccountType>GL</AccountType>
        <OpeningDebitBalance>0.00</OpeningDebitBalance>
        <ClosingDebitBalance>0.00</ClosingDebitBalance>
      </Account>
      <Account>
        <AccountID>6051</AccountID>
        <AccountDescription>Nedskrivning av varige driftsmidler</AccountDescription>
        <StandardAccountID>60</StandardAccountID>
        <AccountType>GL</AccountType>
        <OpeningDebitBalance>0.00</OpeningDebitBalance>
        <ClosingDebitBalance>0.00</ClosingDebitBalance>
      </Account>
      <Account>
        <AccountID>6055</AccountID>
        <AccountDescription>Nedskrivning av immaterielle eiendeler</AccountDescription>
        <StandardAccountID>60</StandardAccountID>
        <AccountType>GL</AccountType>
        <OpeningDebitBalance>0.00</OpeningDebitBalance>
        <ClosingDebitBalance>0.00</ClosingDebitBalance>
      </Account>
      <Account>
        <AccountID>6059</AccountID>
        <AccountDescription>Reversering av nedskrivning varige driftsmidler og immaterielle eiendeler</AccountDescription>
        <StandardAccountID>60</StandardAccountID>
        <AccountType>GL</AccountType>
        <OpeningDebitBalance>0.00</OpeningDebitBalance>
        <ClosingDebitBalance>0.00</ClosingDebitBalance>
      </Account>
      <Account>
        <AccountID>6100</AccountID>
        <AccountDescription>Frakt, transportkostnad og forsikring ved utsending av varer</AccountDescription>
        <StandardAccountID>61</StandardAccountID>
        <AccountType>GL</AccountType>
        <OpeningDebitBalance>0.00</OpeningDebitBalance>
        <ClosingDebitBalance>0.00</ClosingDebitBalance>
      </Account>
      <Account>
        <AccountID>6190</AccountID>
        <AccountDescription>Annen frakt- og transportkostnad ved salg</AccountDescription>
        <StandardAccountID>61</StandardAccountID>
        <AccountType>GL</AccountType>
        <OpeningDebitBalance>0.00</OpeningDebitBalance>
        <ClosingDebitBalance>0.00</ClosingDebitBalance>
      </Account>
      <Account>
        <AccountID>6200</AccountID>
        <AccountDescription>Strøm og brensel til produksjon (ved, gass, fyringsolje, kull og annet brensel)</AccountDescription>
        <StandardAccountID>62</StandardAccountID>
        <AccountType>GL</AccountType>
        <OpeningDebitBalance>0.00</OpeningDebitBalance>
        <ClosingDebitBalance>0.00</ClosingDebitBalance>
      </Account>
      <Account>
        <AccountID>6250</AccountID>
        <AccountDescription>Drivstoff for maskiner og produksjonsutstyr</AccountDescription>
        <StandardAccountID>62</StandardAccountID>
        <AccountType>GL</AccountType>
        <OpeningDebitBalance>0.00</OpeningDebitBalance>
        <ClosingDebitBalance>0.00</ClosingDebitBalance>
      </Account>
      <Account>
        <AccountID>6300</AccountID>
        <AccountDescription>Leie lokale</AccountDescription>
        <StandardAccountID>63</StandardAccountID>
        <AccountType>GL</AccountType>
        <OpeningDebitBalance>0.00</OpeningDebitBalance>
        <ClosingDebitBalance>0.00</ClosingDebitBalance>
      </Account>
      <Account>
        <AccountID>6320</AccountID>
        <AccountDescription>Renovasjon, vann, avløp o.l.</AccountDescription>
        <StandardAccountID>63</StandardAccountID>
        <AccountType>GL</AccountType>
        <OpeningDebitBalance>0.00</OpeningDebitBalance>
        <ClosingDebitBalance>0.00</ClosingDebitBalance>
      </Account>
      <Account>
        <AccountID>6341</AccountID>
        <AccountDescription>Strøm og oppvarming av lokaler</AccountDescription>
        <StandardAccountID>63</StandardAccountID>
        <AccountType>GL</AccountType>
        <OpeningDebitBalance>0.00</OpeningDebitBalance>
        <ClosingDebitBalance>0.00</ClosingDebitBalance>
      </Account>
      <Account>
        <AccountID>6360</AccountID>
        <AccountDescription>Renhold av lokaler</AccountDescription>
        <StandardAccountID>63</StandardAccountID>
        <AccountType>GL</AccountType>
        <OpeningDebitBalance>0.00</OpeningDebitBalance>
        <ClosingDebitBalance>0.00</ClosingDebitBalance>
      </Account>
      <Account>
        <AccountID>6399</AccountID>
        <AccountDescription>Annen kostnad lokaler</AccountDescription>
        <StandardAccountID>63</StandardAccountID>
        <AccountType>GL</AccountType>
        <OpeningDebitBalance>0.00</OpeningDebitBalance>
        <ClosingDebitBalance>0.00</ClosingDebitBalance>
      </Account>
      <Account>
        <AccountID>6400</AccountID>
        <AccountDescription>Leie maskiner</AccountDescription>
        <StandardAccountID>64</StandardAccountID>
        <AccountType>GL</AccountType>
        <OpeningDebitBalance>0.00</OpeningDebitBalance>
        <ClosingDebitBalance>0.00</ClosingDebitBalance>
      </Account>
      <Account>
        <AccountID>6410</AccountID>
        <AccountDescription>Leie inventar</AccountDescription>
        <StandardAccountID>64</StandardAccountID>
        <AccountType>GL</AccountType>
        <OpeningDebitBalance>0.00</OpeningDebitBalance>
        <ClosingDebitBalance>0.00</ClosingDebitBalance>
      </Account>
      <Account>
        <AccountID>6420</AccountID>
        <AccountDescription>Leie datasystemer</AccountDescription>
        <StandardAccountID>64</StandardAccountID>
        <AccountType>GL</AccountType>
        <OpeningDebitBalance>0.00</OpeningDebitBalance>
        <ClosingDebitBalance>0.00</ClosingDebitBalance>
      </Account>
      <Account>
        <AccountID>6430</AccountID>
        <AccountDescription>Leie andre kontormaskiner</AccountDescription>
        <StandardAccountID>64</StandardAccountID>
        <AccountType>GL</AccountType>
        <OpeningDebitBalance>0.00</OpeningDebitBalance>
        <ClosingDebitBalance>0.00</ClosingDebitBalance>
      </Account>
      <Account>
        <AccountID>6440</AccountID>
        <AccountDescription>Leie og leasing av transportmidler</AccountDescription>
        <StandardAccountID>64</StandardAccountID>
        <AccountType>GL</AccountType>
        <OpeningDebitBalance>0.00</OpeningDebitBalance>
        <ClosingDebitBalance>0.00</ClosingDebitBalance>
      </Account>
      <Account>
        <AccountID>6490</AccountID>
        <AccountDescription>Annen leiekostnad</AccountDescription>
        <StandardAccountID>64</StandardAccountID>
        <AccountType>GL</AccountType>
        <OpeningDebitBalance>0.00</OpeningDebitBalance>
        <ClosingDebitBalance>0.00</ClosingDebitBalance>
      </Account>
      <Account>
        <AccountID>6500</AccountID>
        <AccountDescription>Verktøy og utstyr</AccountDescription>
        <StandardAccountID>65</StandardAccountID>
        <AccountType>GL</AccountType>
        <OpeningDebitBalance>0.00</OpeningDebitBalance>
        <ClosingDebitBalance>0.00</ClosingDebitBalance>
      </Account>
      <Account>
        <AccountID>6540</AccountID>
        <AccountDescription>Møbler, interiør og annet inventar</AccountDescription>
        <StandardAccountID>65</StandardAccountID>
        <AccountType>GL</AccountType>
        <OpeningDebitBalance>0.00</OpeningDebitBalance>
        <ClosingDebitBalance>0.00</ClosingDebitBalance>
      </Account>
      <Account>
        <AccountID>6551</AccountID>
        <AccountDescription>Data, telefon og andre kontormaskiner </AccountDescription>
        <StandardAccountID>65</StandardAccountID>
        <AccountType>GL</AccountType>
        <OpeningDebitBalance>0.00</OpeningDebitBalance>
        <ClosingDebitBalance>0.00</ClosingDebitBalance>
      </Account>
      <Account>
        <AccountID>6553</AccountID>
        <AccountDescription>Programvare</AccountDescription>
        <StandardAccountID>65</StandardAccountID>
        <AccountType>GL</AccountType>
        <OpeningDebitBalance>0.00</OpeningDebitBalance>
        <ClosingDebitBalance>0.00</ClosingDebitBalance>
      </Account>
      <Account>
        <AccountID>6560</AccountID>
        <AccountDescription>Bedriftens forbruksmateriell (ikke kontorrekvisita)</AccountDescription>
        <StandardAccountID>65</StandardAccountID>
        <AccountType>GL</AccountType>
        <OpeningDebitBalance>0.00</OpeningDebitBalance>
        <ClosingDebitBalance>0.00</ClosingDebitBalance>
      </Account>
      <Account>
        <AccountID>6572</AccountID>
        <AccountDescription>Arbeidsklær og verneutstyr, ikke opplysningspliktig</AccountDescription>
        <StandardAccountID>65</StandardAccountID>
        <AccountType>GL</AccountType>
        <OpeningDebitBalance>0.00</OpeningDebitBalance>
        <ClosingDebitBalance>0.00</ClosingDebitBalance>
      </Account>
      <Account>
        <AccountID>6590</AccountID>
        <AccountDescription>Annet driftsmateriale</AccountDescription>
        <StandardAccountID>65</StandardAccountID>
        <AccountType>GL</AccountType>
        <OpeningDebitBalance>0.00</OpeningDebitBalance>
        <ClosingDebitBalance>0.00</ClosingDebitBalance>
      </Account>
      <Account>
        <AccountID>6600</AccountID>
        <AccountDescription>Reparasjon og vedlikehold bygninger</AccountDescription>
        <StandardAccountID>66</StandardAccountID>
        <AccountType>GL</AccountType>
        <OpeningDebitBalance>0.00</OpeningDebitBalance>
        <ClosingDebitBalance>0.00</ClosingDebitBalance>
      </Account>
      <Account>
        <AccountID>6620</AccountID>
        <AccountDescription>Reparasjon og vedlikehold utstyr</AccountDescription>
        <StandardAccountID>66</StandardAccountID>
        <AccountType>GL</AccountType>
        <OpeningDebitBalance>0.00</OpeningDebitBalance>
        <ClosingDebitBalance>0.00</ClosingDebitBalance>
      </Account>
      <Account>
        <AccountID>6690</AccountID>
        <AccountDescription>Reparasjon og vedlikehold annet</AccountDescription>
        <StandardAccountID>66</StandardAccountID>
        <AccountType>GL</AccountType>
        <OpeningDebitBalance>0.00</OpeningDebitBalance>
        <ClosingDebitBalance>0.00</ClosingDebitBalance>
      </Account>
      <Account>
        <AccountID>6701</AccountID>
        <AccountDescription>Revisjonshonorar</AccountDescription>
        <StandardAccountID>67</StandardAccountID>
        <AccountType>GL</AccountType>
        <OpeningDebitBalance>0.00</OpeningDebitBalance>
        <ClosingDebitBalance>0.00</ClosingDebitBalance>
      </Account>
      <Account>
        <AccountID>6702</AccountID>
        <AccountDescription>Honorar annen bistand fra revisor</AccountDescription>
        <StandardAccountID>67</StandardAccountID>
        <AccountType>GL</AccountType>
        <OpeningDebitBalance>0.00</OpeningDebitBalance>
        <ClosingDebitBalance>0.00</ClosingDebitBalance>
      </Account>
      <Account>
        <AccountID>6705</AccountID>
        <AccountDescription>Regnskapshonorar</AccountDescription>
        <StandardAccountID>67</StandardAccountID>
        <AccountType>GL</AccountType>
        <OpeningDebitBalance>0.00</OpeningDebitBalance>
        <ClosingDebitBalance>0.00</ClosingDebitBalance>
      </Account>
      <Account>
        <AccountID>6721</AccountID>
        <AccountDescription>Honorar for økonomisk rådgivning</AccountDescription>
        <StandardAccountID>67</StandardAccountID>
        <AccountType>GL</AccountType>
        <OpeningDebitBalance>0.00</OpeningDebitBalance>
        <ClosingDebitBalance>0.00</ClosingDebitBalance>
      </Account>
      <Account>
        <AccountID>6725</AccountID>
        <AccountDescription>Advokat og juridisk bistand, med skattefradrag</AccountDescription>
        <StandardAccountID>67</StandardAccountID>
        <AccountType>GL</AccountType>
        <OpeningDebitBalance>0.00</OpeningDebitBalance>
        <ClosingDebitBalance>0.00</ClosingDebitBalance>
      </Account>
      <Account>
        <AccountID>6726</AccountID>
        <AccountDescription>Advokat og juridisk bistand, uten skattefradrag</AccountDescription>
        <StandardAccountID>67</StandardAccountID>
        <AccountType>GL</AccountType>
        <OpeningDebitBalance>0.00</OpeningDebitBalance>
        <ClosingDebitBalance>0.00</ClosingDebitBalance>
      </Account>
      <Account>
        <AccountID>6750</AccountID>
        <AccountDescription>Honorar for databistand</AccountDescription>
        <StandardAccountID>67</StandardAccountID>
        <AccountType>GL</AccountType>
        <OpeningDebitBalance>0.00</OpeningDebitBalance>
        <ClosingDebitBalance>0.00</ClosingDebitBalance>
      </Account>
      <Account>
        <AccountID>6791</AccountID>
        <AccountDescription>Andre eksterne arbeidstimer (Fremmedytelse), opplysningspliktig</AccountDescription>
        <StandardAccountID>67</StandardAccountID>
        <AccountType>GL</AccountType>
        <OpeningDebitBalance>0.00</OpeningDebitBalance>
        <ClosingDebitBalance>0.00</ClosingDebitBalance>
      </Account>
      <Account>
        <AccountID>6800</AccountID>
        <AccountDescription>Kontorrekvisita</AccountDescription>
        <StandardAccountID>68</StandardAccountID>
        <AccountType>GL</AccountType>
        <OpeningDebitBalance>0.00</OpeningDebitBalance>
        <ClosingDebitBalance>0.00</ClosingDebitBalance>
      </Account>
      <Account>
        <AccountID>6840</AccountID>
        <AccountDescription>Aviser, tidsskrifter, bøker o.l.</AccountDescription>
        <StandardAccountID>68</StandardAccountID>
        <AccountType>GL</AccountType>
        <OpeningDebitBalance>0.00</OpeningDebitBalance>
        <ClosingDebitBalance>0.00</ClosingDebitBalance>
      </Account>
      <Account>
        <AccountID>6861</AccountID>
        <AccountDescription>Møte, kurs, oppdatering o.l., uten skattefradrag</AccountDescription>
        <StandardAccountID>68</StandardAccountID>
        <AccountType>GL</AccountType>
        <OpeningDebitBalance>0.00</OpeningDebitBalance>
        <ClosingDebitBalance>0.00</ClosingDebitBalance>
      </Account>
      <Account>
        <AccountID>6890</AccountID>
        <AccountDescription>Annen kontorkostnad</AccountDescription>
        <StandardAccountID>68</StandardAccountID>
        <AccountType>GL</AccountType>
        <OpeningDebitBalance>0.00</OpeningDebitBalance>
        <ClosingDebitBalance>0.00</ClosingDebitBalance>
      </Account>
      <Account>
        <AccountID>6907</AccountID>
        <AccountDescription>Internett og annen data- og telekommunikasjon</AccountDescription>
        <StandardAccountID>69</StandardAccountID>
        <AccountType>GL</AccountType>
        <OpeningDebitBalance>0.00</OpeningDebitBalance>
        <ClosingDebitBalance>0.00</ClosingDebitBalance>
      </Account>
      <Account>
        <AccountID>6940</AccountID>
        <AccountDescription>Porto på brev ol. sendt fra bedriften</AccountDescription>
        <StandardAccountID>69</StandardAccountID>
        <AccountType>GL</AccountType>
        <OpeningDebitBalance>0.00</OpeningDebitBalance>
        <ClosingDebitBalance>0.00</ClosingDebitBalance>
      </Account>
      <Account>
        <AccountID>7001</AccountID>
        <AccountDescription>Drivstoff transportmiddel</AccountDescription>
        <StandardAccountID>70</StandardAccountID>
        <AccountType>GL</AccountType>
        <OpeningDebitBalance>0.00</OpeningDebitBalance>
        <ClosingDebitBalance>0.00</ClosingDebitBalance>
      </Account>
      <Account>
        <AccountID>7021</AccountID>
        <AccountDescription>Vedlikehold transportmiddel</AccountDescription>
        <StandardAccountID>70</StandardAccountID>
        <AccountType>GL</AccountType>
        <OpeningDebitBalance>0.00</OpeningDebitBalance>
        <ClosingDebitBalance>0.00</ClosingDebitBalance>
      </Account>
      <Account>
        <AccountID>7041</AccountID>
        <AccountDescription>Forsikring transportmiddel</AccountDescription>
        <StandardAccountID>70</StandardAccountID>
        <AccountType>GL</AccountType>
        <OpeningDebitBalance>0.00</OpeningDebitBalance>
        <ClosingDebitBalance>0.00</ClosingDebitBalance>
      </Account>
      <Account>
        <AccountID>7051</AccountID>
        <AccountDescription>Annen kostnad transportmiddel</AccountDescription>
        <StandardAccountID>70</StandardAccountID>
        <AccountType>GL</AccountType>
        <OpeningDebitBalance>0.00</OpeningDebitBalance>
        <ClosingDebitBalance>0.00</ClosingDebitBalance>
      </Account>
      <Account>
        <AccountID>7140</AccountID>
        <AccountDescription>Reisekostnad fra faktura eller kvittering</AccountDescription>
        <StandardAccountID>71</StandardAccountID>
        <AccountType>GL</AccountType>
        <OpeningDebitBalance>0.00</OpeningDebitBalance>
        <ClosingDebitBalance>0.00</ClosingDebitBalance>
      </Account>
      <Account>
        <AccountID>7160</AccountID>
        <AccountDescription>Mat på reise fra faktura eller kvittering</AccountDescription>
        <StandardAccountID>71</StandardAccountID>
        <AccountType>GL</AccountType>
        <OpeningDebitBalance>0.00</OpeningDebitBalance>
        <ClosingDebitBalance>0.00</ClosingDebitBalance>
      </Account>
      <Account>
        <AccountID>7191</AccountID>
        <AccountDescription>Verktøygodtgjørelse</AccountDescription>
        <StandardAccountID>71</StandardAccountID>
        <AccountType>GL</AccountType>
        <OpeningDebitBalance>0.00</OpeningDebitBalance>
        <ClosingDebitBalance>0.00</ClosingDebitBalance>
      </Account>
      <Account>
        <AccountID>7195</AccountID>
        <AccountDescription>Arbeidstøygodtgjørelse</AccountDescription>
        <StandardAccountID>71</StandardAccountID>
        <AccountType>GL</AccountType>
        <OpeningDebitBalance>0.00</OpeningDebitBalance>
        <ClosingDebitBalance>0.00</ClosingDebitBalance>
      </Account>
      <Account>
        <AccountID>7199</AccountID>
        <AccountDescription>Annen kostnadsgodtgjørelse reise, diett, bil o.l.</AccountDescription>
        <StandardAccountID>71</StandardAccountID>
        <AccountType>GL</AccountType>
        <OpeningDebitBalance>0.00</OpeningDebitBalance>
        <ClosingDebitBalance>0.00</ClosingDebitBalance>
      </Account>
      <Account>
        <AccountID>7200</AccountID>
        <AccountDescription>Provisjonskostnad, opplysningspliktig</AccountDescription>
        <StandardAccountID>72</StandardAccountID>
        <AccountType>GL</AccountType>
        <OpeningDebitBalance>0.00</OpeningDebitBalance>
        <ClosingDebitBalance>0.00</ClosingDebitBalance>
      </Account>
      <Account>
        <AccountID>7210</AccountID>
        <AccountDescription>Provisjonskostnad, ikke opplysningspliktig</AccountDescription>
        <StandardAccountID>72</StandardAccountID>
        <AccountType>GL</AccountType>
        <OpeningDebitBalance>0.00</OpeningDebitBalance>
        <ClosingDebitBalance>0.00</ClosingDebitBalance>
      </Account>
      <Account>
        <AccountID>7300</AccountID>
        <AccountDescription>Salgskostnad</AccountDescription>
        <StandardAccountID>73</StandardAccountID>
        <AccountType>GL</AccountType>
        <OpeningDebitBalance>0.00</OpeningDebitBalance>
        <ClosingDebitBalance>0.00</ClosingDebitBalance>
      </Account>
      <Account>
        <AccountID>7321</AccountID>
        <AccountDescription>Reklamekostnad</AccountDescription>
        <StandardAccountID>73</StandardAccountID>
        <AccountType>GL</AccountType>
        <OpeningDebitBalance>0.00</OpeningDebitBalance>
        <ClosingDebitBalance>0.00</ClosingDebitBalance>
      </Account>
      <Account>
        <AccountID>7350</AccountID>
        <AccountDescription>Representasjon, med skattefradrag (bevertning til forretningsforbindelser)</AccountDescription>
        <StandardAccountID>73</StandardAccountID>
        <AccountType>GL</AccountType>
        <OpeningDebitBalance>0.00</OpeningDebitBalance>
        <ClosingDebitBalance>0.00</ClosingDebitBalance>
      </Account>
      <Account>
        <AccountID>7360</AccountID>
        <AccountDescription>Representasjon, uten skattefradrag  (bevertning til forretningsforbindelser)</AccountDescription>
        <StandardAccountID>73</StandardAccountID>
        <AccountType>GL</AccountType>
        <OpeningDebitBalance>0.00</OpeningDebitBalance>
        <ClosingDebitBalance>0.00</ClosingDebitBalance>
      </Account>
      <Account>
        <AccountID>7391</AccountID>
        <AccountDescription>Annen salgskostnad, med skattefradrag</AccountDescription>
        <StandardAccountID>73</StandardAccountID>
        <AccountType>GL</AccountType>
        <OpeningDebitBalance>0.00</OpeningDebitBalance>
        <ClosingDebitBalance>0.00</ClosingDebitBalance>
      </Account>
      <Account>
        <AccountID>7395</AccountID>
        <AccountDescription>Annen salgskostnad, uten skattefradrag</AccountDescription>
        <StandardAccountID>73</StandardAccountID>
        <AccountType>GL</AccountType>
        <OpeningDebitBalance>0.00</OpeningDebitBalance>
        <ClosingDebitBalance>0.00</ClosingDebitBalance>
      </Account>
      <Account>
        <AccountID>7400</AccountID>
        <AccountDescription>Kontingent, med skattefradrag</AccountDescription>
        <StandardAccountID>74</StandardAccountID>
        <AccountType>GL</AccountType>
        <OpeningDebitBalance>0.00</OpeningDebitBalance>
        <ClosingDebitBalance>0.00</ClosingDebitBalance>
      </Account>
      <Account>
        <AccountID>7410</AccountID>
        <AccountDescription>Kontingent, uten skattefradrag</AccountDescription>
        <StandardAccountID>74</StandardAccountID>
        <AccountType>GL</AccountType>
        <OpeningDebitBalance>0.00</OpeningDebitBalance>
        <ClosingDebitBalance>0.00</ClosingDebitBalance>
      </Account>
      <Account>
        <AccountID>7420</AccountID>
        <AccountDescription>Gave, med skattefradrag</AccountDescription>
        <StandardAccountID>74</StandardAccountID>
        <AccountType>GL</AccountType>
        <OpeningDebitBalance>0.00</OpeningDebitBalance>
        <ClosingDebitBalance>0.00</ClosingDebitBalance>
      </Account>
      <Account>
        <AccountID>7430</AccountID>
        <AccountDescription>Gave, uten skattefradrag</AccountDescription>
        <StandardAccountID>74</StandardAccountID>
        <AccountType>GL</AccountType>
        <OpeningDebitBalance>0.00</OpeningDebitBalance>
        <ClosingDebitBalance>0.00</ClosingDebitBalance>
      </Account>
      <Account>
        <AccountID>7500</AccountID>
        <AccountDescription>Forsikringskostnad</AccountDescription>
        <StandardAccountID>75</StandardAccountID>
        <AccountType>GL</AccountType>
        <OpeningDebitBalance>0.00</OpeningDebitBalance>
        <ClosingDebitBalance>0.00</ClosingDebitBalance>
      </Account>
      <Account>
        <AccountID>7550</AccountID>
        <AccountDescription>Garanti- og servicekostnad</AccountDescription>
        <StandardAccountID>75</StandardAccountID>
        <AccountType>GL</AccountType>
        <OpeningDebitBalance>0.00</OpeningDebitBalance>
        <ClosingDebitBalance>0.00</ClosingDebitBalance>
      </Account>
      <Account>
        <AccountID>7601</AccountID>
        <AccountDescription>Royalties og lisensavgift</AccountDescription>
        <StandardAccountID>76</StandardAccountID>
        <AccountType>GL</AccountType>
        <OpeningDebitBalance>0.00</OpeningDebitBalance>
        <ClosingDebitBalance>0.00</ClosingDebitBalance>
      </Account>
      <Account>
        <AccountID>7610</AccountID>
        <AccountDescription>Patentkostnad ved egen patent</AccountDescription>
        <StandardAccountID>76</StandardAccountID>
        <AccountType>GL</AccountType>
        <OpeningDebitBalance>0.00</OpeningDebitBalance>
        <ClosingDebitBalance>0.00</ClosingDebitBalance>
      </Account>
      <Account>
        <AccountID>7620</AccountID>
        <AccountDescription>Kostnad ved varemerke o.l.</AccountDescription>
        <StandardAccountID>76</StandardAccountID>
        <AccountType>GL</AccountType>
        <OpeningDebitBalance>0.00</OpeningDebitBalance>
        <ClosingDebitBalance>0.00</ClosingDebitBalance>
      </Account>
      <Account>
        <AccountID>7630</AccountID>
        <AccountDescription>Kontroll-, prøve- og stempelavgifter</AccountDescription>
        <StandardAccountID>76</StandardAccountID>
        <AccountType>GL</AccountType>
        <OpeningDebitBalance>0.00</OpeningDebitBalance>
        <ClosingDebitBalance>0.00</ClosingDebitBalance>
      </Account>
      <Account>
        <AccountID>7711</AccountID>
        <AccountDescription>Styremøte, generalforsamling og bedriftsforsamlingsmøter</AccountDescription>
        <StandardAccountID>77</StandardAccountID>
        <AccountType>GL</AccountType>
        <OpeningDebitBalance>0.00</OpeningDebitBalance>
        <ClosingDebitBalance>0.00</ClosingDebitBalance>
      </Account>
      <Account>
        <AccountID>7730</AccountID>
        <AccountDescription>Kostnad ved egne aksjer</AccountDescription>
        <StandardAccountID>77</StandardAccountID>
        <AccountType>GL</AccountType>
        <OpeningDebitBalance>0.00</OpeningDebitBalance>
        <ClosingDebitBalance>0.00</ClosingDebitBalance>
      </Account>
      <Account>
        <AccountID>7750</AccountID>
        <AccountDescription>Eiendoms- og festeavgift</AccountDescription>
        <StandardAccountID>77</StandardAccountID>
        <AccountType>GL</AccountType>
        <OpeningDebitBalance>0.00</OpeningDebitBalance>
        <ClosingDebitBalance>0.00</ClosingDebitBalance>
      </Account>
      <Account>
        <AccountID>7770</AccountID>
        <AccountDescription>Bank- og kortgebyr</AccountDescription>
        <StandardAccountID>77</StandardAccountID>
        <AccountType>GL</AccountType>
        <OpeningDebitBalance>0.00</OpeningDebitBalance>
        <ClosingDebitBalance>0.00</ClosingDebitBalance>
      </Account>
      <Account>
        <AccountID>7780</AccountID>
        <AccountDescription>Kredittkortprovisjoner</AccountDescription>
        <StandardAccountID>77</StandardAccountID>
        <AccountType>GL</AccountType>
        <OpeningDebitBalance>0.00</OpeningDebitBalance>
        <ClosingDebitBalance>0.00</ClosingDebitBalance>
      </Account>
      <Account>
        <AccountID>7798</AccountID>
        <AccountDescription>Annen kostnad med skattefradrag</AccountDescription>
        <StandardAccountID>77</StandardAccountID>
        <AccountType>GL</AccountType>
        <OpeningDebitBalance>0.00</OpeningDebitBalance>
        <ClosingDebitBalance>0.00</ClosingDebitBalance>
      </Account>
      <Account>
        <AccountID>7799</AccountID>
        <AccountDescription>Annen kostnad uten skattefradrag</AccountDescription>
        <StandardAccountID>77</StandardAccountID>
        <AccountType>GL</AccountType>
        <OpeningDebitBalance>0.00</OpeningDebitBalance>
        <ClosingDebitBalance>0.00</ClosingDebitBalance>
      </Account>
      <Account>
        <AccountID>7821</AccountID>
        <AccountDescription>Innkommet på tidligere nedskrevne fordringer, skattepliktig</AccountDescription>
        <StandardAccountID>78</StandardAccountID>
        <AccountType>GL</AccountType>
        <OpeningDebitBalance>0.00</OpeningDebitBalance>
        <ClosingDebitBalance>0.00</ClosingDebitBalance>
      </Account>
      <Account>
        <AccountID>7825</AccountID>
        <AccountDescription>Innkommet på tidligere nedskrevne fordringer, ikke skattepliktig</AccountDescription>
        <StandardAccountID>78</StandardAccountID>
        <AccountType>GL</AccountType>
        <OpeningDebitBalance>0.00</OpeningDebitBalance>
        <ClosingDebitBalance>0.00</ClosingDebitBalance>
      </Account>
      <Account>
        <AccountID>7831</AccountID>
        <AccountDescription>Tap på fordringer, med skattefradrag</AccountDescription>
        <StandardAccountID>78</StandardAccountID>
        <AccountType>GL</AccountType>
        <OpeningDebitBalance>0.00</OpeningDebitBalance>
        <ClosingDebitBalance>0.00</ClosingDebitBalance>
      </Account>
      <Account>
        <AccountID>7835</AccountID>
        <AccountDescription>Tap på fordringer, uten skattefradrag</AccountDescription>
        <StandardAccountID>78</StandardAccountID>
        <AccountType>GL</AccountType>
        <OpeningDebitBalance>0.00</OpeningDebitBalance>
        <ClosingDebitBalance>0.00</ClosingDebitBalance>
      </Account>
      <Account>
        <AccountID>7839</AccountID>
        <AccountDescription>Endring i avsetning for forventet tap</AccountDescription>
        <StandardAccountID>78</StandardAccountID>
        <AccountType>GL</AccountType>
        <OpeningDebitBalance>0.00</OpeningDebitBalance>
        <ClosingDebitBalance>0.00</ClosingDebitBalance>
      </Account>
      <Account>
        <AccountID>7860</AccountID>
        <AccountDescription>Tap på kontrakter</AccountDescription>
        <StandardAccountID>78</StandardAccountID>
        <AccountType>GL</AccountType>
        <OpeningDebitBalance>0.00</OpeningDebitBalance>
        <ClosingDebitBalance>0.00</ClosingDebitBalance>
      </Account>
      <Account>
        <AccountID>7881</AccountID>
        <AccountDescription>Salgssum tap anleggsmidler, mva-pliktig</AccountDescription>
        <StandardAccountID>78</StandardAccountID>
        <AccountType>GL</AccountType>
        <OpeningDebitBalance>0.00</OpeningDebitBalance>
        <ClosingDebitBalance>0.00</ClosingDebitBalance>
      </Account>
      <Account>
        <AccountID>7882</AccountID>
        <AccountDescription>Salgssum tap anleggsmidler, fritatt for mva</AccountDescription>
        <StandardAccountID>78</StandardAccountID>
        <AccountType>GL</AccountType>
        <OpeningDebitBalance>0.00</OpeningDebitBalance>
        <ClosingDebitBalance>0.00</ClosingDebitBalance>
      </Account>
      <Account>
        <AccountID>7889</AccountID>
        <AccountDescription>Motkonto, balanseverdi tap solgte immatr. eiendeler og varige driftsmidler</AccountDescription>
        <StandardAccountID>78</StandardAccountID>
        <AccountType>GL</AccountType>
        <OpeningDebitBalance>0.00</OpeningDebitBalance>
        <ClosingDebitBalance>0.00</ClosingDebitBalance>
      </Account>
      <Account>
        <AccountID>7891</AccountID>
        <AccountDescription>Salgssum tap finansielle anleggsmidler</AccountDescription>
        <StandardAccountID>78</StandardAccountID>
        <AccountType>GL</AccountType>
        <OpeningDebitBalance>0.00</OpeningDebitBalance>
        <ClosingDebitBalance>0.00</ClosingDebitBalance>
      </Account>
      <Account>
        <AccountID>7899</AccountID>
        <AccountDescription>Motkonto balanseført verdi solgte finansielle driftsmidler</AccountDescription>
        <StandardAccountID>78</StandardAccountID>
        <AccountType>GL</AccountType>
        <OpeningDebitBalance>0.00</OpeningDebitBalance>
        <ClosingDebitBalance>0.00</ClosingDebitBalance>
      </Account>
      <Account>
        <AccountID>7971</AccountID>
        <AccountDescription>Justering av mva på fast eiendom og maskiner</AccountDescription>
        <StandardAccountID>79</StandardAccountID>
        <AccountType>GL</AccountType>
        <OpeningDebitBalance>0.00</OpeningDebitBalance>
        <ClosingDebitBalance>0.00</ClosingDebitBalance>
      </Account>
      <Account>
        <AccountID>7980</AccountID>
        <AccountDescription>Tilbakeføring av inngående mva ved bruksendring på bil og fast eiendom</AccountDescription>
        <StandardAccountID>79</StandardAccountID>
        <AccountType>GL</AccountType>
        <OpeningDebitBalance>0.00</OpeningDebitBalance>
        <ClosingDebitBalance>0.00</ClosingDebitBalance>
      </Account>
      <Account>
        <AccountID>8000</AccountID>
        <AccountDescription>Aksjeutbytte fra datterselskap (over 90% eierandel), innenfor fritaksmetoden</AccountDescription>
        <StandardAccountID>80</StandardAccountID>
        <AccountType>GL</AccountType>
        <OpeningDebitBalance>0.00</OpeningDebitBalance>
        <ClosingDebitBalance>0.00</ClosingDebitBalance>
      </Account>
      <Account>
        <AccountID>8001</AccountID>
        <AccountDescription>Aksjeutbytte fra datterselskap (under 90% eierandel) og tilknyttet selskap, innenfor fritaksmetoden</AccountDescription>
        <StandardAccountID>80</StandardAccountID>
        <AccountType>GL</AccountType>
        <OpeningDebitBalance>0.00</OpeningDebitBalance>
        <ClosingDebitBalance>0.00</ClosingDebitBalance>
      </Account>
      <Account>
        <AccountID>8002</AccountID>
        <AccountDescription>Mottatt konsernbidrag fra datterselskap (brutto) med skattemessig effekt</AccountDescription>
        <StandardAccountID>80</StandardAccountID>
        <AccountType>GL</AccountType>
        <OpeningDebitBalance>0.00</OpeningDebitBalance>
        <ClosingDebitBalance>0.00</ClosingDebitBalance>
      </Account>
      <Account>
        <AccountID>8004</AccountID>
        <AccountDescription>Aksjeutbytte fra datterselskap og tilknyttet selskap, utenfor fritaksmetoden</AccountDescription>
        <StandardAccountID>80</StandardAccountID>
        <AccountType>GL</AccountType>
        <OpeningDebitBalance>0.00</OpeningDebitBalance>
        <ClosingDebitBalance>0.00</ClosingDebitBalance>
      </Account>
      <Account>
        <AccountID>8005</AccountID>
        <AccountDescription>Resultatandel fra datterselskap og tilknyttet selskap etter egenkapitalmetoden</AccountDescription>
        <StandardAccountID>80</StandardAccountID>
        <AccountType>GL</AccountType>
        <OpeningDebitBalance>0.00</OpeningDebitBalance>
        <ClosingDebitBalance>0.00</ClosingDebitBalance>
      </Account>
      <Account>
        <AccountID>8006</AccountID>
        <AccountDescription>Andel overskudd og underskudd fra deltakerlignet selskap</AccountDescription>
        <StandardAccountID>80</StandardAccountID>
        <AccountType>GL</AccountType>
        <OpeningDebitBalance>0.00</OpeningDebitBalance>
        <ClosingDebitBalance>0.00</ClosingDebitBalance>
      </Account>
      <Account>
        <AccountID>8007</AccountID>
        <AccountDescription>Gevinst/tap ved realisasjon av aksjer/andeler i datterselskap og tilknyttet selskap, innenfor fritaksmetoden</AccountDescription>
        <StandardAccountID>80</StandardAccountID>
        <AccountType>GL</AccountType>
        <OpeningDebitBalance>0.00</OpeningDebitBalance>
        <ClosingDebitBalance>0.00</ClosingDebitBalance>
      </Account>
      <Account>
        <AccountID>8008</AccountID>
        <AccountDescription>Gevinst/tap ved realisasjon av aksjer/andeler i datterselskap og tilknyttet selskap, utenfor fritaksmetoden</AccountDescription>
        <StandardAccountID>80</StandardAccountID>
        <AccountType>GL</AccountType>
        <OpeningDebitBalance>0.00</OpeningDebitBalance>
        <ClosingDebitBalance>0.00</ClosingDebitBalance>
      </Account>
      <Account>
        <AccountID>8011</AccountID>
        <AccountDescription>Aksjeutbytte fra foretak i samme konsern, innenfor fritaksmetoden</AccountDescription>
        <StandardAccountID>80</StandardAccountID>
        <AccountType>GL</AccountType>
        <OpeningDebitBalance>0.00</OpeningDebitBalance>
        <ClosingDebitBalance>0.00</ClosingDebitBalance>
      </Account>
      <Account>
        <AccountID>8014</AccountID>
        <AccountDescription>Aksjeutbytte fra foretak i samme konsern, utenfor fritaksmetoden</AccountDescription>
        <StandardAccountID>80</StandardAccountID>
        <AccountType>GL</AccountType>
        <OpeningDebitBalance>0.00</OpeningDebitBalance>
        <ClosingDebitBalance>0.00</ClosingDebitBalance>
      </Account>
      <Account>
        <AccountID>8017</AccountID>
        <AccountDescription>Gevinst/tap ved realisasjon av aksjer/andeler i foretak i samme konsern, innenfor fritaksmodellen</AccountDescription>
        <StandardAccountID>80</StandardAccountID>
        <AccountType>GL</AccountType>
        <OpeningDebitBalance>0.00</OpeningDebitBalance>
        <ClosingDebitBalance>0.00</ClosingDebitBalance>
      </Account>
      <Account>
        <AccountID>8018</AccountID>
        <AccountDescription>Gevinst/tap ved realisasjon av aksjer/andeler i foretak i samme konsern, utenfor fritaksmetoden</AccountDescription>
        <StandardAccountID>80</StandardAccountID>
        <AccountType>GL</AccountType>
        <OpeningDebitBalance>0.00</OpeningDebitBalance>
        <ClosingDebitBalance>0.00</ClosingDebitBalance>
      </Account>
      <Account>
        <AccountID>8025</AccountID>
        <AccountDescription>Resultatandel fra tilknyttet selskap etter egenkapitalmetoden</AccountDescription>
        <StandardAccountID>80</StandardAccountID>
        <AccountType>GL</AccountType>
        <OpeningDebitBalance>0.00</OpeningDebitBalance>
        <ClosingDebitBalance>0.00</ClosingDebitBalance>
      </Account>
      <Account>
        <AccountID>8030</AccountID>
        <AccountDescription>Renteinntekt fra foretak i samme konsern</AccountDescription>
        <StandardAccountID>80</StandardAccountID>
        <AccountType>GL</AccountType>
        <OpeningDebitBalance>0.00</OpeningDebitBalance>
        <ClosingDebitBalance>0.00</ClosingDebitBalance>
      </Account>
      <Account>
        <AccountID>8040</AccountID>
        <AccountDescription>Renteinntekt, skattefri</AccountDescription>
        <StandardAccountID>80</StandardAccountID>
        <AccountType>GL</AccountType>
        <OpeningDebitBalance>0.00</OpeningDebitBalance>
        <ClosingDebitBalance>0.00</ClosingDebitBalance>
      </Account>
      <Account>
        <AccountID>8055</AccountID>
        <AccountDescription>Renteinntekt kundefordringer</AccountDescription>
        <StandardAccountID>80</StandardAccountID>
        <AccountType>GL</AccountType>
        <OpeningDebitBalance>0.00</OpeningDebitBalance>
        <ClosingDebitBalance>0.00</ClosingDebitBalance>
      </Account>
      <Account>
        <AccountID>8059</AccountID>
        <AccountDescription>Annen renteinntekt</AccountDescription>
        <StandardAccountID>80</StandardAccountID>
        <AccountType>GL</AccountType>
        <OpeningDebitBalance>0.00</OpeningDebitBalance>
        <ClosingDebitBalance>0.00</ClosingDebitBalance>
      </Account>
      <Account>
        <AccountID>8060</AccountID>
        <AccountDescription>Valutagevinst (agio)</AccountDescription>
        <StandardAccountID>80</StandardAccountID>
        <AccountType>GL</AccountType>
        <OpeningDebitBalance>0.00</OpeningDebitBalance>
        <ClosingDebitBalance>0.00</ClosingDebitBalance>
      </Account>
      <Account>
        <AccountID>8071</AccountID>
        <AccountDescription>Aksjeutbytte, innenfor fritaksmodellen</AccountDescription>
        <StandardAccountID>80</StandardAccountID>
        <AccountType>GL</AccountType>
        <OpeningDebitBalance>0.00</OpeningDebitBalance>
        <ClosingDebitBalance>0.00</ClosingDebitBalance>
      </Account>
      <Account>
        <AccountID>8072</AccountID>
        <AccountDescription>Skattefri tilbakebetaling av innbetalt kapital</AccountDescription>
        <StandardAccountID>80</StandardAccountID>
        <AccountType>GL</AccountType>
        <OpeningDebitBalance>0.00</OpeningDebitBalance>
        <ClosingDebitBalance>0.00</ClosingDebitBalance>
      </Account>
      <Account>
        <AccountID>8074</AccountID>
        <AccountDescription>Aksjeutbytte, utenfor fritaksmodellen</AccountDescription>
        <StandardAccountID>80</StandardAccountID>
        <AccountType>GL</AccountType>
        <OpeningDebitBalance>0.00</OpeningDebitBalance>
        <ClosingDebitBalance>0.00</ClosingDebitBalance>
      </Account>
      <Account>
        <AccountID>8075</AccountID>
        <AccountDescription>Utdeling fra deltakerlignet selskap, skattepliktig</AccountDescription>
        <StandardAccountID>80</StandardAccountID>
        <AccountType>GL</AccountType>
        <OpeningDebitBalance>0.00</OpeningDebitBalance>
        <ClosingDebitBalance>0.00</ClosingDebitBalance>
      </Account>
      <Account>
        <AccountID>8076</AccountID>
        <AccountDescription>Gevinst ved realisasjon av andel i selskap med deltakerfastsetting</AccountDescription>
        <StandardAccountID>80</StandardAccountID>
        <AccountType>GL</AccountType>
        <OpeningDebitBalance>0.00</OpeningDebitBalance>
        <ClosingDebitBalance>0.00</ClosingDebitBalance>
      </Account>
      <Account>
        <AccountID>8077</AccountID>
        <AccountDescription>Gevinst ved realisasjon av andre aksjer/andeler, innenfor fritaksmodellen</AccountDescription>
        <StandardAccountID>80</StandardAccountID>
        <AccountType>GL</AccountType>
        <OpeningDebitBalance>0.00</OpeningDebitBalance>
        <ClosingDebitBalance>0.00</ClosingDebitBalance>
      </Account>
      <Account>
        <AccountID>8078</AccountID>
        <AccountDescription>Gevinst ved realisasjon av andre aksjer/andeler, utenfor fritaksmodellen</AccountDescription>
        <StandardAccountID>80</StandardAccountID>
        <AccountType>GL</AccountType>
        <OpeningDebitBalance>0.00</OpeningDebitBalance>
        <ClosingDebitBalance>0.00</ClosingDebitBalance>
      </Account>
      <Account>
        <AccountID>8079</AccountID>
        <AccountDescription>Annen finansinntekt</AccountDescription>
        <StandardAccountID>80</StandardAccountID>
        <AccountType>GL</AccountType>
        <OpeningDebitBalance>0.00</OpeningDebitBalance>
        <ClosingDebitBalance>0.00</ClosingDebitBalance>
      </Account>
      <Account>
        <AccountID>8081</AccountID>
        <AccountDescription>Verdiøkning av finansielle instrumenter vurdert til virkelig verdi, urealisert</AccountDescription>
        <StandardAccountID>80</StandardAccountID>
        <AccountType>GL</AccountType>
        <OpeningDebitBalance>0.00</OpeningDebitBalance>
        <ClosingDebitBalance>0.00</ClosingDebitBalance>
      </Account>
      <Account>
        <AccountID>8082</AccountID>
        <AccountDescription>Gevinst ved realisasjon av finansielle instrumenter vurdert til virkelig verdi, innenfor fritaksmetoden</AccountDescription>
        <StandardAccountID>80</StandardAccountID>
        <AccountType>GL</AccountType>
        <OpeningDebitBalance>0.00</OpeningDebitBalance>
        <ClosingDebitBalance>0.00</ClosingDebitBalance>
      </Account>
      <Account>
        <AccountID>8090</AccountID>
        <AccountDescription>Inntekt på andre investeringer</AccountDescription>
        <StandardAccountID>80</StandardAccountID>
        <AccountType>GL</AccountType>
        <OpeningDebitBalance>0.00</OpeningDebitBalance>
        <ClosingDebitBalance>0.00</ClosingDebitBalance>
      </Account>
      <Account>
        <AccountID>8101</AccountID>
        <AccountDescription>Verdireduksjon av finansielle instrumenter vurdert til virkelig verdi, urealisert</AccountDescription>
        <StandardAccountID>81</StandardAccountID>
        <AccountType>GL</AccountType>
        <OpeningDebitBalance>0.00</OpeningDebitBalance>
        <ClosingDebitBalance>0.00</ClosingDebitBalance>
      </Account>
      <Account>
        <AccountID>8105</AccountID>
        <AccountDescription>Tap ved realisasjon av finansielle instrumenter vurdert til virkelig verdi, innenfor fritaksmetoden</AccountDescription>
        <StandardAccountID>81</StandardAccountID>
        <AccountType>GL</AccountType>
        <OpeningDebitBalance>0.00</OpeningDebitBalance>
        <ClosingDebitBalance>0.00</ClosingDebitBalance>
      </Account>
      <Account>
        <AccountID>8110</AccountID>
        <AccountDescription>Nedskrivning av andre finansielle omløpsmidler</AccountDescription>
        <StandardAccountID>81</StandardAccountID>
        <AccountType>GL</AccountType>
        <OpeningDebitBalance>0.00</OpeningDebitBalance>
        <ClosingDebitBalance>0.00</ClosingDebitBalance>
      </Account>
      <Account>
        <AccountID>8121</AccountID>
        <AccountDescription>Nedskrivning av finansielle anleggsmidler</AccountDescription>
        <StandardAccountID>81</StandardAccountID>
        <AccountType>GL</AccountType>
        <OpeningDebitBalance>0.00</OpeningDebitBalance>
        <ClosingDebitBalance>0.00</ClosingDebitBalance>
      </Account>
      <Account>
        <AccountID>8129</AccountID>
        <AccountDescription>Reversering av nedskrivning finansielle anleggsmidler</AccountDescription>
        <StandardAccountID>81</StandardAccountID>
        <AccountType>GL</AccountType>
        <OpeningDebitBalance>0.00</OpeningDebitBalance>
        <ClosingDebitBalance>0.00</ClosingDebitBalance>
      </Account>
      <Account>
        <AccountID>8130</AccountID>
        <AccountDescription>Rentekostnad til foretak i samme konsern</AccountDescription>
        <StandardAccountID>81</StandardAccountID>
        <AccountType>GL</AccountType>
        <OpeningDebitBalance>0.00</OpeningDebitBalance>
        <ClosingDebitBalance>0.00</ClosingDebitBalance>
      </Account>
      <Account>
        <AccountID>8140</AccountID>
        <AccountDescription>Rentekostnad, uten skattefradrag</AccountDescription>
        <StandardAccountID>81</StandardAccountID>
        <AccountType>GL</AccountType>
        <OpeningDebitBalance>0.00</OpeningDebitBalance>
        <ClosingDebitBalance>0.00</ClosingDebitBalance>
      </Account>
      <Account>
        <AccountID>8151</AccountID>
        <AccountDescription>Rentekostnad banklån</AccountDescription>
        <StandardAccountID>81</StandardAccountID>
        <AccountType>GL</AccountType>
        <OpeningDebitBalance>0.00</OpeningDebitBalance>
        <ClosingDebitBalance>0.00</ClosingDebitBalance>
      </Account>
      <Account>
        <AccountID>8154</AccountID>
        <AccountDescription>Renter/provisjon kassekreditt</AccountDescription>
        <StandardAccountID>81</StandardAccountID>
        <AccountType>GL</AccountType>
        <OpeningDebitBalance>0.00</OpeningDebitBalance>
        <ClosingDebitBalance>0.00</ClosingDebitBalance>
      </Account>
      <Account>
        <AccountID>8155</AccountID>
        <AccountDescription>Rentekostnad leverandørgjeld</AccountDescription>
        <StandardAccountID>81</StandardAccountID>
        <AccountType>GL</AccountType>
        <OpeningDebitBalance>0.00</OpeningDebitBalance>
        <ClosingDebitBalance>0.00</ClosingDebitBalance>
      </Account>
      <Account>
        <AccountID>8159</AccountID>
        <AccountDescription>Annen rentekostnad</AccountDescription>
        <StandardAccountID>81</StandardAccountID>
        <AccountType>GL</AccountType>
        <OpeningDebitBalance>0.00</OpeningDebitBalance>
        <ClosingDebitBalance>0.00</ClosingDebitBalance>
      </Account>
      <Account>
        <AccountID>8160</AccountID>
        <AccountDescription>Valutatap (disagio)</AccountDescription>
        <StandardAccountID>81</StandardAccountID>
        <AccountType>GL</AccountType>
        <OpeningDebitBalance>0.00</OpeningDebitBalance>
        <ClosingDebitBalance>0.00</ClosingDebitBalance>
      </Account>
      <Account>
        <AccountID>8176</AccountID>
        <AccountDescription>Tap ved realisasjon av andel i selskap med deltakerfastsetting</AccountDescription>
        <StandardAccountID>81</StandardAccountID>
        <AccountType>GL</AccountType>
        <OpeningDebitBalance>0.00</OpeningDebitBalance>
        <ClosingDebitBalance>0.00</ClosingDebitBalance>
      </Account>
      <Account>
        <AccountID>8177</AccountID>
        <AccountDescription>Tap ved realisasjon av aksjer/andeler, innenfor fritaksmodellen (jf. konto 8007 og 8017)</AccountDescription>
        <StandardAccountID>81</StandardAccountID>
        <AccountType>GL</AccountType>
        <OpeningDebitBalance>0.00</OpeningDebitBalance>
        <ClosingDebitBalance>0.00</ClosingDebitBalance>
      </Account>
      <Account>
        <AccountID>8178</AccountID>
        <AccountDescription>Tap ved realisasjon av aksjer/andeler, utenfor fritaksmodellen (jf. konto 8008 og 8018)</AccountDescription>
        <StandardAccountID>81</StandardAccountID>
        <AccountType>GL</AccountType>
        <OpeningDebitBalance>0.00</OpeningDebitBalance>
        <ClosingDebitBalance>0.00</ClosingDebitBalance>
      </Account>
      <Account>
        <AccountID>8179</AccountID>
        <AccountDescription>Annen finanskostnad</AccountDescription>
        <StandardAccountID>81</StandardAccountID>
        <AccountType>GL</AccountType>
        <OpeningDebitBalance>0.00</OpeningDebitBalance>
        <ClosingDebitBalance>0.00</ClosingDebitBalance>
      </Account>
      <Account>
        <AccountID>8301</AccountID>
        <AccountDescription>Betalbar skatt</AccountDescription>
        <StandardAccountID>83</StandardAccountID>
        <AccountType>GL</AccountType>
        <OpeningDebitBalance>0.00</OpeningDebitBalance>
        <ClosingDebitBalance>0.00</ClosingDebitBalance>
      </Account>
      <Account>
        <AccountID>8309</AccountID>
        <AccountDescription>Betalbar skatt, for mye/lite avsatt tidligere år på ordinært resultat</AccountDescription>
        <StandardAccountID>83</StandardAccountID>
        <AccountType>GL</AccountType>
        <OpeningDebitBalance>0.00</OpeningDebitBalance>
        <ClosingDebitBalance>0.00</ClosingDebitBalance>
      </Account>
      <Account>
        <AccountID>8320</AccountID>
        <AccountDescription>Endring i utsatt skatt/skattefordel</AccountDescription>
        <StandardAccountID>83</StandardAccountID>
        <AccountType>GL</AccountType>
        <OpeningDebitBalance>0.00</OpeningDebitBalance>
        <ClosingDebitBalance>0.00</ClosingDebitBalance>
      </Account>
      <Account>
        <AccountID>8900</AccountID>
        <AccountDescription>Overføringer fond</AccountDescription>
        <StandardAccountID>89</StandardAccountID>
        <AccountType>GL</AccountType>
        <OpeningDebitBalance>0.00</OpeningDebitBalance>
        <ClosingDebitBalance>0.00</ClosingDebitBalance>
      </Account>
      <Account>
        <AccountID>8921</AccountID>
        <AccountDescription>Avsatt utbytte (ordinært)</AccountDescription>
        <StandardAccountID>89</StandardAccountID>
        <AccountType>GL</AccountType>
        <OpeningDebitBalance>0.00</OpeningDebitBalance>
        <ClosingDebitBalance>0.00</ClosingDebitBalance>
      </Account>
      <Account>
        <AccountID>8922</AccountID>
        <AccountDescription>Avsatt tilleggsutbytte</AccountDescription>
        <StandardAccountID>89</StandardAccountID>
        <AccountType>GL</AccountType>
        <OpeningDebitBalance>0.00</OpeningDebitBalance>
        <ClosingDebitBalance>0.00</ClosingDebitBalance>
      </Account>
      <Account>
        <AccountID>8923</AccountID>
        <AccountDescription>Avsatt ekstraordinær utbytte</AccountDescription>
        <StandardAccountID>89</StandardAccountID>
        <AccountType>GL</AccountType>
        <OpeningDebitBalance>0.00</OpeningDebitBalance>
        <ClosingDebitBalance>0.00</ClosingDebitBalance>
      </Account>
      <Account>
        <AccountID>8931</AccountID>
        <AccountDescription>Mottatt konsernbidrag fra mor eller søster (etter skatt)</AccountDescription>
        <StandardAccountID>89</StandardAccountID>
        <AccountType>GL</AccountType>
        <OpeningDebitBalance>0.00</OpeningDebitBalance>
        <ClosingDebitBalance>0.00</ClosingDebitBalance>
      </Account>
      <Account>
        <AccountID>8935</AccountID>
        <AccountDescription>Avsatt konsernbidrag (etter skatt)</AccountDescription>
        <StandardAccountID>89</StandardAccountID>
        <AccountType>GL</AccountType>
        <OpeningDebitBalance>0.00</OpeningDebitBalance>
        <ClosingDebitBalance>0.00</ClosingDebitBalance>
      </Account>
      <Account>
        <AccountID>8950</AccountID>
        <AccountDescription>Fondsemisjon</AccountDescription>
        <StandardAccountID>89</StandardAccountID>
        <AccountType>GL</AccountType>
        <OpeningDebitBalance>0.00</OpeningDebitBalance>
        <ClosingDebitBalance>0.00</ClosingDebitBalance>
      </Account>
      <Account>
        <AccountID>8961</AccountID>
        <AccountDescription>Overføringer annen egenkapital</AccountDescription>
        <StandardAccountID>89</StandardAccountID>
        <AccountType>GL</AccountType>
        <OpeningDebitBalance>0.00</OpeningDebitBalance>
        <ClosingDebitBalance>0.00</ClosingDebitBalance>
      </Account>
      <Account>
        <AccountID>8990</AccountID>
        <AccountDescription>Overføringer udekket tap</AccountDescription>
        <StandardAccountID>89</StandardAccountID>
        <AccountType>GL</AccountType>
        <OpeningDebitBalance>0.00</OpeningDebitBalance>
        <ClosingDebitBalance>0.00</ClosingDebitBalance>
      </Account>
      <Account>
        <AccountID>1500</AccountID>
        <AccountDescription>Kundefordringer</AccountDescription>
        <StandardAccountID>15</StandardAccountID>
        <AccountType>GL</AccountType>
        <OpeningDebitBalance>62500.00</OpeningDebitBalance>
        <ClosingDebitBalance>0.00</ClosingDebitBalance>
      </Account>
      <Account>
        <AccountID>2400</AccountID>
        <AccountDescription>Leverandørgjeld</AccountDescription>
        <StandardAccountID>24</StandardAccountID>
        <AccountType>GL</AccountType>
        <OpeningCreditBalance>86500.00</OpeningCreditBalance>
        <ClosingCreditBalance>24000.00</ClosingCreditBalance>
      </Account>
    </GeneralLedgerAccounts>
    <Customers>
      <Customer>
        <RegistrationNumber>991704612</RegistrationNumber>
        <Name>Sameiet Seljeholtet 15</Name>
        <Address>
          <StreetName>Postboks 6666 St Olavs Plass</StreetName>
          <City>OSLO</City>
          <PostalCode>0129</PostalCode>
          <Country>NO</Country>
        </Address>
        <CustomerID>10003</CustomerID>
        <AccountID>1500</AccountID>
        <OpeningDebitBalance>0.00</OpeningDebitBalance>
        <ClosingDebitBalance>0.00</ClosingDebitBalance>
        <PartyInfo>
          <Status>Active</Status>
        </PartyInfo>
      </Customer>
      <Customer>
        <RegistrationNumber>922719403</RegistrationNumber>
        <Name>Euromerger Norway AS</Name>
        <Address>
          <StreetName>Nedre Ringvoll 11</StreetName>
          <City>VØYENENGA</City>
          <PostalCode>1339</PostalCode>
          <Country>NO</Country>
        </Address>
        <CustomerID>10001</CustomerID>
        <AccountID>1500</AccountID>
        <OpeningDebitBalance>62500.00</OpeningDebitBalance>
        <ClosingDebitBalance>0.00</ClosingDebitBalance>
        <PartyInfo>
          <Status>Active</Status>
        </PartyInfo>
      </Customer>
      <Customer>
        <RegistrationNumber>927774097</RegistrationNumber>
        <Name>Isi Lomma AS</Name>
        <Address>
          <StreetName>Nedre Ringvoll 11</StreetName>
          <City>VØYENENGA</City>
          <PostalCode>1339</PostalCode>
          <Country>NO</Country>
        </Address>
        <CustomerID>10002</CustomerID>
        <AccountID>1500</AccountID>
        <OpeningDebitBalance>0.00</OpeningDebitBalance>
        <ClosingDebitBalance>0.00</ClosingDebitBalance>
        <PartyInfo>
          <Status>Active</Status>
        </PartyInfo>
      </Customer>
    </Customers>
    <Suppliers>
      <Supplier>
        <RegistrationNumber>981929055</RegistrationNumber>
        <Name>Telia Norge AS</Name>
        <Address>
          <StreetName>Postboks 4444 Nydalen</StreetName>
          <City>OSLO</City>
          <PostalCode>0403</PostalCode>
          <Country>NO</Country>
        </Address>
        <SupplierID>20002</SupplierID>
        <AccountID>2400</AccountID>
        <OpeningDebitBalance>0.00</OpeningDebitBalance>
        <ClosingDebitBalance>0.00</ClosingDebitBalance>
        <PartyInfo>
          <Status>Active</Status>
        </PartyInfo>
      </Supplier>
      <Supplier>
        <RegistrationNumber>971228865</RegistrationNumber>
        <Name>Stiftelsen Handelshøyskolen Bi</Name>
        <Address>
          <StreetName>Nydalsveien 37</StreetName>
          <City>OSLO</City>
          <PostalCode>0484</PostalCode>
          <Country>NO</Country>
        </Address>
        <SupplierID>20001</SupplierID>
        <AccountID>2400</AccountID>
        <OpeningDebitBalance>0.00</OpeningDebitBalance>
        <ClosingDebitBalance>0.00</ClosingDebitBalance>
        <PartyInfo>
          <Status>Active</Status>
        </PartyInfo>
      </Supplier>
      <Supplier>
        <RegistrationNumber>922719403</RegistrationNumber>
        <Name>Euromerger Norway AS</Name>
        <Address>
          <StreetName>Nedre Ringvoll 11</StreetName>
          <City>VØYENENGA</City>
          <PostalCode>1339</PostalCode>
          <Country>NO</Country>
        </Address>
        <SupplierID>20003</SupplierID>
        <AccountID>2400</AccountID>
        <OpeningCreditBalance>62500.00</OpeningCreditBalance>
        <ClosingDebitBalance>0.00</ClosingDebitBalance>
        <PartyInfo>
          <Status>Active</Status>
        </PartyInfo>
      </Supplier>
      <Supplier>
        <RegistrationNumber>927774097</RegistrationNumber>
        <Name>Isi Lomma AS</Name>
        <Address>
          <StreetName>Nedre Ringvoll 11</StreetName>
          <City>VØYENENGA</City>
          <PostalCode>1339</PostalCode>
          <Country>NO</Country>
        </Address>
        <SupplierID>20004</SupplierID>
        <AccountID>2400</AccountID>
        <OpeningCreditBalance>24000.00</OpeningCreditBalance>
        <ClosingCreditBalance>24000.00</ClosingCreditBalance>
        <PartyInfo>
          <Status>Active</Status>
        </PartyInfo>
      </Supplier>
    </Suppliers>
    <TaxTable>
      <TaxTableEntry>
        <TaxType>MVA</TaxType>
        <Description>Merverdiavgift</Description>
        <TaxCodeDetails>
          <TaxCode>0</TaxCode>
          <EffectiveDate>2023-01-01</EffectiveDate>
          <Description>Ingen mvabehandling (anskaffelser)</Description>
          <TaxPercentage>0</TaxPercentage>
          <Country>NO</Country>
          <StandardTaxCode>0</StandardTaxCode>
          <BaseRate>100</BaseRate>
        </TaxCodeDetails>
      </TaxTableEntry>
      <TaxTableEntry>
        <TaxType>MVA</TaxType>
        <Description>Merverdiavgift</Description>
        <TaxCodeDetails>
          <TaxCode>1</TaxCode>
          <EffectiveDate>2023-01-01</EffectiveDate>
          <Description>Kjøp, høy sats</Description>
          <TaxPercentage>25</TaxPercentage>
          <Country>NO</Country>
          <StandardTaxCode>1</StandardTaxCode>
          <BaseRate>100</BaseRate>
        </TaxCodeDetails>
      </TaxTableEntry>
      <TaxTableEntry>
        <TaxType>MVA</TaxType>
        <Description>Merverdiavgift</Description>
        <TaxCodeDetails>
          <TaxCode>11</TaxCode>
          <EffectiveDate>2023-01-01</EffectiveDate>
          <Description>Kjøp, middels sats</Description>
          <TaxPercentage>15</TaxPercentage>
          <Country>NO</Country>
          <StandardTaxCode>11</StandardTaxCode>
          <BaseRate>100</BaseRate>
        </TaxCodeDetails>
      </TaxTableEntry>
      <TaxTableEntry>
        <TaxType>MVA</TaxType>
        <Description>Merverdiavgift</Description>
        <TaxCodeDetails>
          <TaxCode>12</TaxCode>
          <EffectiveDate>2023-01-01</EffectiveDate>
          <Description>Kjøp, råfisk</Description>
          <TaxPercentage>11.11</TaxPercentage>
          <Country>NO</Country>
          <StandardTaxCode>12</StandardTaxCode>
          <BaseRate>100</BaseRate>
        </TaxCodeDetails>
      </TaxTableEntry>
      <TaxTableEntry>
        <TaxType>MVA</TaxType>
        <Description>Merverdiavgift</Description>
        <TaxCodeDetails>
          <TaxCode>13</TaxCode>
          <EffectiveDate>2023-01-01</EffectiveDate>
          <Description>Kjøp, lav sats</Description>
          <TaxPercentage>12</TaxPercentage>
          <Country>NO</Country>
          <StandardTaxCode>13</StandardTaxCode>
          <BaseRate>100</BaseRate>
        </TaxCodeDetails>
      </TaxTableEntry>
      <TaxTableEntry>
        <TaxType>MVA</TaxType>
        <Description>Merverdiavgift</Description>
        <TaxCodeDetails>
          <TaxCode>14</TaxCode>
          <EffectiveDate>2023-01-01</EffectiveDate>
          <Description>Kun kjøpsmva, høy sats</Description>
          <TaxPercentage>25</TaxPercentage>
          <Country>NO</Country>
          <StandardTaxCode>14</StandardTaxCode>
          <BaseRate>100</BaseRate>
        </TaxCodeDetails>
      </TaxTableEntry>
      <TaxTableEntry>
        <TaxType>MVA</TaxType>
        <Description>Merverdiavgift</Description>
        <TaxCodeDetails>
          <TaxCode>15</TaxCode>
          <EffectiveDate>2023-01-01</EffectiveDate>
          <Description>Kun kjøpsmva, middels sats</Description>
          <TaxPercentage>15</TaxPercentage>
          <Country>NO</Country>
          <StandardTaxCode>15</StandardTaxCode>
          <BaseRate>100</BaseRate>
        </TaxCodeDetails>
      </TaxTableEntry>
      <TaxTableEntry>
        <TaxType>MVA</TaxType>
        <Description>Merverdiavgift</Description>
        <TaxCodeDetails>
          <TaxCode>21</TaxCode>
          <EffectiveDate>2023-01-01</EffectiveDate>
          <Description>Grunnlag ved innførsel av varer (høy)</Description>
          <TaxPercentage>25</TaxPercentage>
          <Country>NO</Country>
          <StandardTaxCode>21</StandardTaxCode>
          <BaseRate>100</BaseRate>
        </TaxCodeDetails>
      </TaxTableEntry>
      <TaxTableEntry>
        <TaxType>MVA</TaxType>
        <Description>Merverdiavgift</Description>
        <TaxCodeDetails>
          <TaxCode>22</TaxCode>
          <EffectiveDate>2023-01-01</EffectiveDate>
          <Description>Grunnlag ved innførsel av varer (middels)</Description>
          <TaxPercentage>15</TaxPercentage>
          <Country>NO</Country>
          <StandardTaxCode>22</StandardTaxCode>
          <BaseRate>100</BaseRate>
        </TaxCodeDetails>
      </TaxTableEntry>
      <TaxTableEntry>
        <TaxType>MVA</TaxType>
        <Description>Merverdiavgift</Description>
        <TaxCodeDetails>
          <TaxCode>23</TaxCode>
          <EffectiveDate>2023-01-01</EffectiveDate>
          <Description>Grunnlag ved innførsel av varer (ingen mva)</Description>
          <TaxPercentage>0</TaxPercentage>
          <Country>NO</Country>
          <StandardTaxCode>20</StandardTaxCode>
          <BaseRate>100</BaseRate>
        </TaxCodeDetails>
      </TaxTableEntry>
      <TaxTableEntry>
        <TaxType>MVA</TaxType>
        <Description>Merverdiavgift</Description>
        <TaxCodeDetails>
          <TaxCode>3</TaxCode>
          <EffectiveDate>2023-01-01</EffectiveDate>
          <Description>Salg, høy sats</Description>
          <TaxPercentage>25</TaxPercentage>
          <Country>NO</Country>
          <StandardTaxCode>3</StandardTaxCode>
          <BaseRate>100</BaseRate>
        </TaxCodeDetails>
      </TaxTableEntry>
      <TaxTableEntry>
        <TaxType>MVA</TaxType>
        <Description>Merverdiavgift</Description>
        <TaxCodeDetails>
          <TaxCode>31</TaxCode>
          <EffectiveDate>2023-01-01</EffectiveDate>
          <Description>Salg, middels sats</Description>
          <TaxPercentage>15</TaxPercentage>
          <Country>NO</Country>
          <StandardTaxCode>31</StandardTaxCode>
          <BaseRate>100</BaseRate>
        </TaxCodeDetails>
      </TaxTableEntry>
      <TaxTableEntry>
        <TaxType>MVA</TaxType>
        <Description>Merverdiavgift</Description>
        <TaxCodeDetails>
          <TaxCode>32</TaxCode>
          <EffectiveDate>2023-01-01</EffectiveDate>
          <Description>Salg, råfisk sats</Description>
          <TaxPercentage>11.11</TaxPercentage>
          <Country>NO</Country>
          <StandardTaxCode>32</StandardTaxCode>
          <BaseRate>100</BaseRate>
        </TaxCodeDetails>
      </TaxTableEntry>
      <TaxTableEntry>
        <TaxType>MVA</TaxType>
        <Description>Merverdiavgift</Description>
        <TaxCodeDetails>
          <TaxCode>33</TaxCode>
          <EffectiveDate>2023-01-01</EffectiveDate>
          <Description>Salg, lav sats</Description>
          <TaxPercentage>12</TaxPercentage>
          <Country>NO</Country>
          <StandardTaxCode>33</StandardTaxCode>
          <BaseRate>100</BaseRate>
        </TaxCodeDetails>
      </TaxTableEntry>
      <TaxTableEntry>
        <TaxType>MVA</TaxType>
        <Description>Merverdiavgift</Description>
        <TaxCodeDetails>
          <TaxCode>5</TaxCode>
          <EffectiveDate>2023-01-01</EffectiveDate>
          <Description>Salg uten avgift (avgiftsfritt)</Description>
          <TaxPercentage>0</TaxPercentage>
          <Country>NO</Country>
          <StandardTaxCode>5</StandardTaxCode>
          <BaseRate>100</BaseRate>
        </TaxCodeDetails>
      </TaxTableEntry>
      <TaxTableEntry>
        <TaxType>MVA</TaxType>
        <Description>Merverdiavgift</Description>
        <TaxCodeDetails>
          <TaxCode>51</TaxCode>
          <EffectiveDate>2023-01-01</EffectiveDate>
          <Description>Salg av klimakvoter</Description>
          <TaxPercentage>0</TaxPercentage>
          <Country>NO</Country>
          <StandardTaxCode>51</StandardTaxCode>
          <BaseRate>100</BaseRate>
        </TaxCodeDetails>
      </TaxTableEntry>
      <TaxTableEntry>
        <TaxType>MVA</TaxType>
        <Description>Merverdiavgift</Description>
        <TaxCodeDetails>
          <TaxCode>52</TaxCode>
          <EffectiveDate>2023-01-01</EffectiveDate>
          <Description>Utførsel av varer og tjenester</Description>
          <TaxPercentage>0</TaxPercentage>
          <Country>NO</Country>
          <StandardTaxCode>52</StandardTaxCode>
          <BaseRate>100</BaseRate>
        </TaxCodeDetails>
      </TaxTableEntry>
      <TaxTableEntry>
        <TaxType>MVA</TaxType>
        <Description>Merverdiavgift</Description>
        <TaxCodeDetails>
          <TaxCode>6</TaxCode>
          <EffectiveDate>2023-01-01</EffectiveDate>
          <Description>Salg uten avgift (utenfor merverdiavgiftsloven)</Description>
          <TaxPercentage>0</TaxPercentage>
          <Country>NO</Country>
          <StandardTaxCode>6</StandardTaxCode>
          <BaseRate>100</BaseRate>
        </TaxCodeDetails>
      </TaxTableEntry>
      <TaxTableEntry>
        <TaxType>MVA</TaxType>
        <Description>Merverdiavgift</Description>
        <TaxCodeDetails>
          <TaxCode>7</TaxCode>
          <EffectiveDate>2023-01-01</EffectiveDate>
          <Description>Ingen mvabehandling (inntekter)</Description>
          <TaxPercentage>0</TaxPercentage>
          <Country>NO</Country>
          <StandardTaxCode>7</StandardTaxCode>
          <BaseRate>100</BaseRate>
        </TaxCodeDetails>
      </TaxTableEntry>
      <TaxTableEntry>
        <TaxType>MVA</TaxType>
        <Description>Merverdiavgift</Description>
        <TaxCodeDetails>
          <TaxCode>81</TaxCode>
          <EffectiveDate>2023-01-01</EffectiveDate>
          <Description>Fradragsberettiget innførsel, høy sats</Description>
          <TaxPercentage>25</TaxPercentage>
          <Country>NO</Country>
          <StandardTaxCode>81</StandardTaxCode>
          <BaseRate>100</BaseRate>
        </TaxCodeDetails>
      </TaxTableEntry>
      <TaxTableEntry>
        <TaxType>MVA</TaxType>
        <Description>Merverdiavgift</Description>
        <TaxCodeDetails>
          <TaxCode>82</TaxCode>
          <EffectiveDate>2023-01-01</EffectiveDate>
          <Description>Innførsel av varer uten mva-fradrag, høy sats</Description>
          <TaxPercentage>25</TaxPercentage>
          <Country>NO</Country>
          <StandardTaxCode>82</StandardTaxCode>
          <BaseRate>100</BaseRate>
        </TaxCodeDetails>
      </TaxTableEntry>
      <TaxTableEntry>
        <TaxType>MVA</TaxType>
        <Description>Merverdiavgift</Description>
        <TaxCodeDetails>
          <TaxCode>83</TaxCode>
          <EffectiveDate>2023-01-01</EffectiveDate>
          <Description>Fradragsberettiget innførsel, middels sats</Description>
          <TaxPercentage>15</TaxPercentage>
          <Country>NO</Country>
          <StandardTaxCode>83</StandardTaxCode>
          <BaseRate>100</BaseRate>
        </TaxCodeDetails>
      </TaxTableEntry>
      <TaxTableEntry>
        <TaxType>MVA</TaxType>
        <Description>Merverdiavgift</Description>
        <TaxCodeDetails>
          <TaxCode>84</TaxCode>
          <EffectiveDate>2023-01-01</EffectiveDate>
          <Description>Innførsel av varer uten mva-fradrag, middels sats</Description>
          <TaxPercentage>15</TaxPercentage>
          <Country>NO</Country>
          <StandardTaxCode>84</StandardTaxCode>
          <BaseRate>100</BaseRate>
        </TaxCodeDetails>
      </TaxTableEntry>
      <TaxTableEntry>
        <TaxType>MVA</TaxType>
        <Description>Merverdiavgift</Description>
        <TaxCodeDetails>
          <TaxCode>85</TaxCode>
          <EffectiveDate>2023-01-01</EffectiveDate>
          <Description>Innførsel av varer som det ikke skal beregnes mervediavgift av</Description>
          <TaxPercentage>0</TaxPercentage>
          <Country>NO</Country>
          <StandardTaxCode>85</StandardTaxCode>
          <BaseRate>100</BaseRate>
        </TaxCodeDetails>
      </TaxTableEntry>
      <TaxTableEntry>
        <TaxType>MVA</TaxType>
        <Description>Merverdiavgift</Description>
        <TaxCodeDetails>
          <TaxCode>86</TaxCode>
          <EffectiveDate>2023-01-01</EffectiveDate>
          <Description>Tjenester kjøpt fra utlandet med fradrag for høy mva</Description>
          <TaxPercentage>25</TaxPercentage>
          <Country>NO</Country>
          <StandardTaxCode>86</StandardTaxCode>
          <BaseRate>100</BaseRate>
        </TaxCodeDetails>
      </TaxTableEntry>
      <TaxTableEntry>
        <TaxType>MVA</TaxType>
        <Description>Merverdiavgift</Description>
        <TaxCodeDetails>
          <TaxCode>87</TaxCode>
          <EffectiveDate>2023-01-01</EffectiveDate>
          <Description>Tjenester kjøpt fra utlandet uten fradrag for høy mva</Description>
          <TaxPercentage>25</TaxPercentage>
          <Country>NO</Country>
          <StandardTaxCode>87</StandardTaxCode>
          <BaseRate>100</BaseRate>
        </TaxCodeDetails>
      </TaxTableEntry>
      <TaxTableEntry>
        <TaxType>MVA</TaxType>
        <Description>Merverdiavgift</Description>
        <TaxCodeDetails>
          <TaxCode>88</TaxCode>
          <EffectiveDate>2023-01-01</EffectiveDate>
          <Description>Tjenester kjøpt fra utlandet med fradrag for lav mva</Description>
          <TaxPercentage>12</TaxPercentage>
          <Country>NO</Country>
          <StandardTaxCode>88</StandardTaxCode>
          <BaseRate>100</BaseRate>
        </TaxCodeDetails>
      </TaxTableEntry>
      <TaxTableEntry>
        <TaxType>MVA</TaxType>
        <Description>Merverdiavgift</Description>
        <TaxCodeDetails>
          <TaxCode>89</TaxCode>
          <EffectiveDate>2023-01-01</EffectiveDate>
          <Description>Tjenester kjøpt fra utlandet uten fradrag for lav mva</Description>
          <TaxPercentage>12</TaxPercentage>
          <Country>NO</Country>
          <StandardTaxCode>89</StandardTaxCode>
          <BaseRate>100</BaseRate>
        </TaxCodeDetails>
      </TaxTableEntry>
      <TaxTableEntry>
        <TaxType>MVA</TaxType>
        <Description>Merverdiavgift</Description>
        <TaxCodeDetails>
          <TaxCode>91</TaxCode>
          <EffectiveDate>2023-01-01</EffectiveDate>
          <Description>Kjøp av klimakvoter eller gull med fradrag for mva</Description>
          <TaxPercentage>25</TaxPercentage>
          <Country>NO</Country>
          <StandardTaxCode>91</StandardTaxCode>
          <BaseRate>100</BaseRate>
        </TaxCodeDetails>
      </TaxTableEntry>
      <TaxTableEntry>
        <TaxType>MVA</TaxType>
        <Description>Merverdiavgift</Description>
        <TaxCodeDetails>
          <TaxCode>92</TaxCode>
          <EffectiveDate>2023-01-01</EffectiveDate>
          <Description>Kjøp av klimakvoter eller gull uten fradrag for mva</Description>
          <TaxPercentage>25</TaxPercentage>
          <Country>NO</Country>
          <StandardTaxCode>92</StandardTaxCode>
          <BaseRate>100</BaseRate>
        </TaxCodeDetails>
      </TaxTableEntry>
      <TaxTableEntry>
        <TaxType>MVA</TaxType>
        <Description>Merverdiavgift</Description>
        <TaxCodeDetails>
          <TaxCode>102</TaxCode>
          <EffectiveDate>2023-01-01</EffectiveDate>
          <Description>Justering, høy sats</Description>
          <TaxPercentage>25</TaxPercentage>
          <Country>NO</Country>
          <StandardTaxCode>1</StandardTaxCode>
          <BaseRate>100</BaseRate>
        </TaxCodeDetails>
      </TaxTableEntry>
      <TaxTableEntry>
        <TaxType>MVA</TaxType>
        <Description>Merverdiavgift</Description>
        <TaxCodeDetails>
          <TaxCode>103</TaxCode>
          <EffectiveDate>2023-01-01</EffectiveDate>
          <Description>Tilbakeføring (fast eiendom), høy sats</Description>
          <TaxPercentage>25</TaxPercentage>
          <Country>NO</Country>
          <StandardTaxCode>1</StandardTaxCode>
          <BaseRate>100</BaseRate>
        </TaxCodeDetails>
      </TaxTableEntry>
      <TaxTableEntry>
        <TaxType>MVA</TaxType>
        <Description>Merverdiavgift</Description>
        <TaxCodeDetails>
          <TaxCode>104</TaxCode>
          <EffectiveDate>2023-01-01</EffectiveDate>
          <Description>Tilbakeføring (personkjøretøy), høy sats</Description>
          <TaxPercentage>25</TaxPercentage>
          <Country>NO</Country>
          <StandardTaxCode>1</StandardTaxCode>
          <BaseRate>100</BaseRate>
        </TaxCodeDetails>
      </TaxTableEntry>
    </TaxTable>
    <AnalysisTypeTable>
      <AnalysisTypeTableEntry>
        <AnalysisType>B</AnalysisType>
        <AnalysisTypeDescription>Bilagsart</AnalysisTypeDescription>
        <AnalysisID>1</AnalysisID>
        <AnalysisIDDescription>Generell</AnalysisIDDescription>
      </AnalysisTypeTableEntry>
      <AnalysisTypeTableEntry>
        <AnalysisType>T</AnalysisType>
        <AnalysisTypeDescription>Transaksjonstype</AnalysisTypeDescription>
        <AnalysisID>0</AnalysisID>
        <AnalysisIDDescription>Salg av vare eller tjeneste</AnalysisIDDescription>
      </AnalysisTypeTableEntry>
      <AnalysisTypeTableEntry>
        <AnalysisType>T</AnalysisType>
        <AnalysisTypeDescription>Transaksjonstype</AnalysisTypeDescription>
        <AnalysisID>1</AnalysisID>
        <AnalysisIDDescription>Kjøp av vare eller tjeneste</AnalysisIDDescription>
      </AnalysisTypeTableEntry>
      <AnalysisTypeTableEntry>
        <AnalysisType>T</AnalysisType>
        <AnalysisTypeDescription>Transaksjonstype</AnalysisTypeDescription>
        <AnalysisID>2</AnalysisID>
        <AnalysisIDDescription>Fri transaksjon</AnalysisIDDescription>
      </AnalysisTypeTableEntry>
      <AnalysisTypeTableEntry>
        <AnalysisType>T</AnalysisType>
        <AnalysisTypeDescription>Transaksjonstype</AnalysisTypeDescription>
        <AnalysisID>3</AnalysisID>
        <AnalysisIDDescription>Åpningsbalanse</AnalysisIDDescription>
      </AnalysisTypeTableEntry>
      <AnalysisTypeTableEntry>
        <AnalysisType>T</AnalysisType>
        <AnalysisTypeDescription>Transaksjonstype</AnalysisTypeDescription>
        <AnalysisID>4</AnalysisID>
        <AnalysisIDDescription>Annulleringstransaksjon</AnalysisIDDescription>
      </AnalysisTypeTableEntry>
      <AnalysisTypeTableEntry>
        <AnalysisType>T</AnalysisType>
        <AnalysisTypeDescription>Transaksjonstype</AnalysisTypeDescription>
        <AnalysisID>5</AnalysisID>
        <AnalysisIDDescription>Importtransaksjon</AnalysisIDDescription>
      </AnalysisTypeTableEntry>
      <AnalysisTypeTableEntry>
        <AnalysisType>T</AnalysisType>
        <AnalysisTypeDescription>Transaksjonstype</AnalysisTypeDescription>
        <AnalysisID>6</AnalysisID>
        <AnalysisIDDescription>Sendt kreditnota</AnalysisIDDescription>
      </AnalysisTypeTableEntry>
      <AnalysisTypeTableEntry>
        <AnalysisType>T</AnalysisType>
        <AnalysisTypeDescription>Transaksjonstype</AnalysisTypeDescription>
        <AnalysisID>7</AnalysisID>
        <AnalysisIDDescription>Mottatt kreditnota</AnalysisIDDescription>
      </AnalysisTypeTableEntry>
      <AnalysisTypeTableEntry>
        <AnalysisType>T</AnalysisType>
        <AnalysisTypeDescription>Transaksjonstype</AnalysisTypeDescription>
        <AnalysisID>8</AnalysisID>
        <AnalysisIDDescription>Renter og gebyrer for banktjenester</AnalysisIDDescription>
      </AnalysisTypeTableEntry>
      <AnalysisTypeTableEntry>
        <AnalysisType>T</AnalysisType>
        <AnalysisTypeDescription>Transaksjonstype</AnalysisTypeDescription>
        <AnalysisID>9</AnalysisID>
        <AnalysisIDDescription>Inngående balanse</AnalysisIDDescription>
      </AnalysisTypeTableEntry>
      <AnalysisTypeTableEntry>
        <AnalysisType>T</AnalysisType>
        <AnalysisTypeDescription>Transaksjonstype</AnalysisTypeDescription>
        <AnalysisID>10</AnalysisID>
        <AnalysisIDDescription>Mva-oppgjør</AnalysisIDDescription>
      </AnalysisTypeTableEntry>
      <AnalysisTypeTableEntry>
        <AnalysisType>T</AnalysisType>
        <AnalysisTypeDescription>Transaksjonstype</AnalysisTypeDescription>
        <AnalysisID>11</AnalysisID>
        <AnalysisIDDescription>Årsavslutning (system)</AnalysisIDDescription>
      </AnalysisTypeTableEntry>
      <AnalysisTypeTableEntry>
        <AnalysisType>T</AnalysisType>
        <AnalysisTypeDescription>Transaksjonstype</AnalysisTypeDescription>
        <AnalysisID>12</AnalysisID>
        <AnalysisIDDescription>Bankrenter</AnalysisIDDescription>
      </AnalysisTypeTableEntry>
      <AnalysisTypeTableEntry>
        <AnalysisType>T</AnalysisType>
        <AnalysisTypeDescription>Transaksjonstype</AnalysisTypeDescription>
        <AnalysisID>13</AnalysisID>
        <AnalysisIDDescription>Intern overføring</AnalysisIDDescription>
      </AnalysisTypeTableEntry>
      <AnalysisTypeTableEntry>
        <AnalysisType>T</AnalysisType>
        <AnalysisTypeDescription>Transaksjonstype</AnalysisTypeDescription>
        <AnalysisID>14</AnalysisID>
        <AnalysisIDDescription>Personlig innskudd/uttak</AnalysisIDDescription>
      </AnalysisTypeTableEntry>
      <AnalysisTypeTableEntry>
        <AnalysisType>T</AnalysisType>
        <AnalysisTypeDescription>Transaksjonstype</AnalysisTypeDescription>
        <AnalysisID>15</AnalysisID>
        <AnalysisIDDescription>Innskudd av kontanter</AnalysisIDDescription>
      </AnalysisTypeTableEntry>
      <AnalysisTypeTableEntry>
        <AnalysisType>T</AnalysisType>
        <AnalysisTypeDescription>Transaksjonstype</AnalysisTypeDescription>
        <AnalysisID>16</AnalysisID>
        <AnalysisIDDescription>Uttak av kontanter</AnalysisIDDescription>
      </AnalysisTypeTableEntry>
      <AnalysisTypeTableEntry>
        <AnalysisType>T</AnalysisType>
        <AnalysisTypeDescription>Transaksjonstype</AnalysisTypeDescription>
        <AnalysisID>17</AnalysisID>
        <AnalysisIDDescription>Forskuddsskatt</AnalysisIDDescription>
      </AnalysisTypeTableEntry>
      <AnalysisTypeTableEntry>
        <AnalysisType>T</AnalysisType>
        <AnalysisTypeDescription>Transaksjonstype</AnalysisTypeDescription>
        <AnalysisID>18</AnalysisID>
        <AnalysisIDDescription>Kontantutlegg</AnalysisIDDescription>
      </AnalysisTypeTableEntry>
      <AnalysisTypeTableEntry>
        <AnalysisType>T</AnalysisType>
        <AnalysisTypeDescription>Transaksjonstype</AnalysisTypeDescription>
        <AnalysisID>19</AnalysisID>
        <AnalysisIDDescription>Lønn</AnalysisIDDescription>
      </AnalysisTypeTableEntry>
      <AnalysisTypeTableEntry>
        <AnalysisType>T</AnalysisType>
        <AnalysisTypeDescription>Transaksjonstype</AnalysisTypeDescription>
        <AnalysisID>20</AnalysisID>
        <AnalysisIDDescription>Betaling av forskuddstrekk</AnalysisIDDescription>
      </AnalysisTypeTableEntry>
      <AnalysisTypeTableEntry>
        <AnalysisType>T</AnalysisType>
        <AnalysisTypeDescription>Transaksjonstype</AnalysisTypeDescription>
        <AnalysisID>21</AnalysisID>
        <AnalysisIDDescription>Betaling av arbeidsgiveravgift</AnalysisIDDescription>
      </AnalysisTypeTableEntry>
      <AnalysisTypeTableEntry>
        <AnalysisType>T</AnalysisType>
        <AnalysisTypeDescription>Transaksjonstype</AnalysisTypeDescription>
        <AnalysisID>22</AnalysisID>
        <AnalysisIDDescription>Forever Bonus</AnalysisIDDescription>
      </AnalysisTypeTableEntry>
      <AnalysisTypeTableEntry>
        <AnalysisType>T</AnalysisType>
        <AnalysisTypeDescription>Transaksjonstype</AnalysisTypeDescription>
        <AnalysisID>23</AnalysisID>
        <AnalysisIDDescription>Årsavslutning (egne)</AnalysisIDDescription>
      </AnalysisTypeTableEntry>
      <AnalysisTypeTableEntry>
        <AnalysisType>T</AnalysisType>
        <AnalysisTypeDescription>Transaksjonstype</AnalysisTypeDescription>
        <AnalysisID>24</AnalysisID>
        <AnalysisIDDescription>Zettle</AnalysisIDDescription>
      </AnalysisTypeTableEntry>
      <AnalysisTypeTableEntry>
        <AnalysisType>T</AnalysisType>
        <AnalysisTypeDescription>Transaksjonstype</AnalysisTypeDescription>
        <AnalysisID>25</AnalysisID>
        <AnalysisIDDescription>Endring av eiendel</AnalysisIDDescription>
      </AnalysisTypeTableEntry>
      <AnalysisTypeTableEntry>
        <AnalysisType>T</AnalysisType>
        <AnalysisTypeDescription>Transaksjonstype</AnalysisTypeDescription>
        <AnalysisID>26</AnalysisID>
        <AnalysisIDDescription>Betaling av finansskatt</AnalysisIDDescription>
      </AnalysisTypeTableEntry>
      <AnalysisTypeTableEntry>
        <AnalysisType>T</AnalysisType>
        <AnalysisTypeDescription>Transaksjonstype</AnalysisTypeDescription>
        <AnalysisID>27</AnalysisID>
        <AnalysisIDDescription>Diverse (fra mal)</AnalysisIDDescription>
      </AnalysisTypeTableEntry>
      <AnalysisTypeTableEntry>
        <AnalysisType>T</AnalysisType>
        <AnalysisTypeDescription>Transaksjonstype</AnalysisTypeDescription>
        <AnalysisID>28</AnalysisID>
        <AnalysisIDDescription>Gjeld</AnalysisIDDescription>
      </AnalysisTypeTableEntry>
      <AnalysisTypeTableEntry>
        <AnalysisType>T</AnalysisType>
        <AnalysisTypeDescription>Transaksjonstype</AnalysisTypeDescription>
        <AnalysisID>29</AnalysisID>
        <AnalysisIDDescription>Betaling av utleggstrekk for dekning av skatt</AnalysisIDDescription>
      </AnalysisTypeTableEntry>
      <AnalysisTypeTableEntry>
        <AnalysisType>T</AnalysisType>
        <AnalysisTypeDescription>Transaksjonstype</AnalysisTypeDescription>
        <AnalysisID>30</AnalysisID>
        <AnalysisIDDescription>Kjørebok</AnalysisIDDescription>
      </AnalysisTypeTableEntry>
      <AnalysisTypeTableEntry>
        <AnalysisType>T</AnalysisType>
        <AnalysisTypeDescription>Transaksjonstype</AnalysisTypeDescription>
        <AnalysisID>31</AnalysisID>
        <AnalysisIDDescription>Skatteoppgjør</AnalysisIDDescription>
      </AnalysisTypeTableEntry>
      <AnalysisTypeTableEntry>
        <AnalysisType>T</AnalysisType>
        <AnalysisTypeDescription>Transaksjonstype</AnalysisTypeDescription>
        <AnalysisID>32</AnalysisID>
        <AnalysisIDDescription>Tolldeklarasjon</AnalysisIDDescription>
      </AnalysisTypeTableEntry>
      <AnalysisTypeTableEntry>
        <AnalysisType>T</AnalysisType>
        <AnalysisTypeDescription>Transaksjonstype</AnalysisTypeDescription>
        <AnalysisID>33</AnalysisID>
        <AnalysisIDDescription>Verdipapir</AnalysisIDDescription>
      </AnalysisTypeTableEntry>
      <AnalysisTypeTableEntry>
        <AnalysisType>T</AnalysisType>
        <AnalysisTypeDescription>Transaksjonstype</AnalysisTypeDescription>
        <AnalysisID>34</AnalysisID>
        <AnalysisIDDescription>Betalingsoppgjør</AnalysisIDDescription>
      </AnalysisTypeTableEntry>
      <AnalysisTypeTableEntry>
        <AnalysisType>T</AnalysisType>
        <AnalysisTypeDescription>Transaksjonstype</AnalysisTypeDescription>
        <AnalysisID>35</AnalysisID>
        <AnalysisIDDescription>Avstemming</AnalysisIDDescription>
      </AnalysisTypeTableEntry>
    </AnalysisTypeTable>
  </MasterFiles>
  <GeneralLedgerEntries>
    <NumberOfEntries>39</NumberOfEntries>
    <TotalDebit>1975242.45</TotalDebit>
    <TotalCredit>1975242.45</TotalCredit>
    <Journal>
      <JournalID>A</JournalID>
      <Description>Journal of Development Solutions AS from 2023-01-01 to 2023-12-31</Description>
      <Type>A</Type>
      <Transaction>
        <TransactionID>TEMP-5505256954</TransactionID>
        <Period>1</Period>
        <PeriodYear>2023</PeriodYear>
        <TransactionDate>2023-01-01</TransactionDate>
        <Description>Ørediff</Description>
        <SystemEntryDate>2024-01-20</SystemEntryDate>
        <GLPostingDate>2024-01-20</GLPostingDate>
        <SystemID>5505256954</SystemID>
        <Line>
          <RecordID>5505280589</RecordID>
          <AccountID>1920:10001</AccountID>
          <Analysis>
            <AnalysisType>T</AnalysisType>
            <AnalysisID>2</AnalysisID>
          </Analysis>
          <ValueDate>2023-01-01</ValueDate>
          <Description>Ørediff</Description>
          <DebitAmount>
            <Amount>0.39</Amount>
          </DebitAmount>
        </Line>
        <Line>
          <RecordID>5505280590</RecordID>
          <AccountID>7740</AccountID>
          <Analysis>
            <AnalysisType>T</AnalysisType>
            <AnalysisID>2</AnalysisID>
          </Analysis>
          <ValueDate>2023-01-01</ValueDate>
          <Description>Ørediff</Description>
          <CreditAmount>
            <Amount>0.39</Amount>
          </CreditAmount>
        </Line>
      </Transaction>
      <Transaction>
        <TransactionID>5</TransactionID>
        <Period>1</Period>
        <PeriodYear>2023</PeriodYear>
        <TransactionDate>2023-01-01</TransactionDate>
        <Description>Inngående balanse (overgang fra annet system)</Description>
        <SystemEntryDate>2024-01-17</SystemEntryDate>
        <GLPostingDate>2024-01-17</GLPostingDate>
        <SystemID>5495175607</SystemID>
        <Line>
          <RecordID>5495192514</RecordID>
          <AccountID>1801</AccountID>
          <Analysis>
            <AnalysisType>B</AnalysisType>
            <AnalysisID>1</AnalysisID>
          </Analysis>
          <Analysis>
            <AnalysisType>T</AnalysisType>
            <AnalysisID>9</AnalysisID>
          </Analysis>
          <ValueDate>2023-01-01</ValueDate>
          <Description>Inngående balanse (overgang fra annet system)</Description>
          <DebitAmount>
            <Amount>415000.00</Amount>
          </DebitAmount>
        </Line>
        <Line>
          <RecordID>5495192515</RecordID>
          <AccountID>2999</AccountID>
          <Analysis>
            <AnalysisType>B</AnalysisType>
            <AnalysisID>1</AnalysisID>
          </Analysis>
          <Analysis>
            <AnalysisType>T</AnalysisType>
            <AnalysisID>9</AnalysisID>
          </Analysis>
          <ValueDate>2023-01-01</ValueDate>
          <Description>Inngående balanse (overgang fra annet system)</Description>
          <CreditAmount>
            <Amount>401097.00</Amount>
          </CreditAmount>
        </Line>
        <Line>
          <RecordID>5495192516</RecordID>
          <AccountID>1500</AccountID>
          <Analysis>
            <AnalysisType>B</AnalysisType>
            <AnalysisID>1</AnalysisID>
          </Analysis>
          <Analysis>
            <AnalysisType>T</AnalysisType>
            <AnalysisID>9</AnalysisID>
          </Analysis>
          <ValueDate>2023-01-01</ValueDate>
          <CustomerID>10001</CustomerID>
          <Description>Inngående balanse (overgang fra annet system)</Description>
          <DebitAmount>
            <Amount>62500.00</Amount>
          </DebitAmount>
        </Line>
        <Line>
          <RecordID>5495192517</RecordID>
          <AccountID>2400</AccountID>
          <Analysis>
            <AnalysisType>B</AnalysisType>
            <AnalysisID>1</AnalysisID>
          </Analysis>
          <Analysis>
            <AnalysisType>T</AnalysisType>
            <AnalysisID>9</AnalysisID>
          </Analysis>
          <ValueDate>2023-01-01</ValueDate>
          <SupplierID>20003</SupplierID>
          <Description>Inngående balanse (overgang fra annet system)</Description>
          <CreditAmount>
            <Amount>62500.00</Amount>
          </CreditAmount>
        </Line>
        <Line>
          <RecordID>5495192518</RecordID>
          <AccountID>2000</AccountID>
          <Analysis>
            <AnalysisType>B</AnalysisType>
            <AnalysisID>1</AnalysisID>
          </Analysis>
          <Analysis>
            <AnalysisType>T</AnalysisType>
            <AnalysisID>9</AnalysisID>
          </Analysis>
          <ValueDate>2023-01-01</ValueDate>
          <Description>Inngående balanse (overgang fra annet system)</Description>
          <CreditAmount>
            <Amount>30000.00</Amount>
          </CreditAmount>
        </Line>
        <Line>
          <RecordID>5495192519</RecordID>
          <AccountID>2400</AccountID>
          <Analysis>
            <AnalysisType>B</AnalysisType>
            <AnalysisID>1</AnalysisID>
          </Analysis>
          <Analysis>
            <AnalysisType>T</AnalysisType>
            <AnalysisID>9</AnalysisID>
          </Analysis>
          <ValueDate>2023-01-01</ValueDate>
          <SupplierID>20004</SupplierID>
          <Description>Inngående balanse (overgang fra annet system)</Description>
          <CreditAmount>
            <Amount>24000.00</Amount>
          </CreditAmount>
        </Line>
        <Line>
          <RecordID>5495192520</RecordID>
          <AccountID>1920:10001</AccountID>
          <Analysis>
            <AnalysisType>B</AnalysisType>
            <AnalysisID>1</AnalysisID>
          </Analysis>
          <Analysis>
            <AnalysisType>T</AnalysisType>
            <AnalysisID>9</AnalysisID>
          </Analysis>
          <ValueDate>2023-01-01</ValueDate>
          <Description>Inngående balanse (overgang fra annet system)</Description>
          <DebitAmount>
            <Amount>21450.00</Amount>
          </DebitAmount>
        </Line>
        <Line>
          <RecordID>5495192521</RecordID>
          <AccountID>2080</AccountID>
          <Analysis>
            <AnalysisType>B</AnalysisType>
            <AnalysisID>1</AnalysisID>
          </Analysis>
          <Analysis>
            <AnalysisType>T</AnalysisType>
            <AnalysisID>9</AnalysisID>
          </Analysis>
          <ValueDate>2023-01-01</ValueDate>
          <Description>Inngående balanse (overgang fra annet system)</Description>
          <DebitAmount>
            <Amount>17967.00</Amount>
          </DebitAmount>
        </Line>
        <Line>
          <RecordID>5495192522</RecordID>
          <AccountID>2740</AccountID>
          <Analysis>
            <AnalysisType>B</AnalysisType>
            <AnalysisID>1</AnalysisID>
          </Analysis>
          <Analysis>
            <AnalysisType>T</AnalysisType>
            <AnalysisID>9</AnalysisID>
          </Analysis>
          <ValueDate>2023-01-01</ValueDate>
          <Description>Inngående balanse (overgang fra annet system)</Description>
          <DebitAmount>
            <Amount>664.00</Amount>
          </DebitAmount>
        </Line>
        <Line>
          <RecordID>5495192523</RecordID>
          <AccountID>1950:10001</AccountID>
          <Analysis>
            <AnalysisType>B</AnalysisType>
            <AnalysisID>1</AnalysisID>
          </Analysis>
          <Analysis>
            <AnalysisType>T</AnalysisType>
            <AnalysisID>9</AnalysisID>
          </Analysis>
          <ValueDate>2023-01-01</ValueDate>
          <Description>Inngående balanse (overgang fra annet system)</Description>
          <DebitAmount>
            <Amount>16.00</Amount>
          </DebitAmount>
        </Line>
      </Transaction>
      <Transaction>
        <TransactionID>TEMP-5504909843</TransactionID>
        <Period>1</Period>
        <PeriodYear>2023</PeriodYear>
        <TransactionDate>2023-01-11</TransactionDate>
        <Description>Til: 84501819394</Description>
        <SystemEntryDate>2024-01-20</SystemEntryDate>
        <GLPostingDate>2024-01-20</GLPostingDate>
        <SystemID>5504909843</SystemID>
        <Line>
          <RecordID>5504933626</RecordID>
          <AccountID>2999</AccountID>
          <Analysis>
            <AnalysisType>T</AnalysisType>
            <AnalysisID>2</AnalysisID>
          </Analysis>
          <ValueDate>2023-01-11</ValueDate>
          <Description>Til: 84501819394</Description>
          <DebitAmount>
            <Amount>21400.00</Amount>
          </DebitAmount>
        </Line>
        <Line>
          <RecordID>5504933627</RecordID>
          <AccountID>1920:10001</AccountID>
          <Analysis>
            <AnalysisType>T</AnalysisType>
            <AnalysisID>2</AnalysisID>
          </Analysis>
          <ValueDate>2023-01-11</ValueDate>
          <Description>Til: 84501819394</Description>
          <CreditAmount>
            <Amount>21400.00</Amount>
          </CreditAmount>
        </Line>
      </Transaction>
      <Transaction>
        <TransactionID>10</TransactionID>
        <Period>1</Period>
        <PeriodYear>2023</PeriodYear>
        <TransactionDate>2023-01-13</TransactionDate>
        <Description>Salg, Sameiet Seljeholtet 15: Vask selsjeholtet</Description>
        <SystemEntryDate>2024-01-20</SystemEntryDate>
        <GLPostingDate>2024-01-20</GLPostingDate>
        <SystemID>5504943697</SystemID>
        <Line>
          <RecordID>5504953839</RecordID>
          <AccountID>1500</AccountID>
          <Analysis>
            <AnalysisType>B</AnalysisType>
            <AnalysisID>1</AnalysisID>
          </Analysis>
          <Analysis>
            <AnalysisType>T</AnalysisType>
            <AnalysisID>0</AnalysisID>
          </Analysis>
          <ValueDate>2023-01-13</ValueDate>
          <CustomerID>10003</CustomerID>
          <Description>Salg, Sameiet Seljeholtet 15: Vask selsjeholtet</Description>
          <DebitAmount>
            <Amount>2650.00</Amount>
          </DebitAmount>
        </Line>
        <Line>
          <RecordID>5504953840</RecordID>
          <AccountID>2701</AccountID>
          <Analysis>
            <AnalysisType>B</AnalysisType>
            <AnalysisID>1</AnalysisID>
          </Analysis>
          <Analysis>
            <AnalysisType>T</AnalysisType>
            <AnalysisID>0</AnalysisID>
          </Analysis>
          <ValueDate>2023-01-13</ValueDate>
          <Description>Salg, Sameiet Seljeholtet 15: Vask selsjeholtet</Description>
          <CreditAmount>
            <Amount>530.00</Amount>
          </CreditAmount>
        </Line>
        <Line>
          <RecordID>5504953841</RecordID>
          <AccountID>3020</AccountID>
          <Analysis>
            <AnalysisType>B</AnalysisType>
            <AnalysisID>1</AnalysisID>
          </Analysis>
          <Analysis>
            <AnalysisType>T</AnalysisType>
            <AnalysisID>0</AnalysisID>
          </Analysis>
          <ValueDate>2023-01-13</ValueDate>
          <Description>Handelslinje nr 1</Description>
          <CreditAmount>
            <Amount>2120.00</Amount>
          </CreditAmount>
          <TaxInformation>
            <TaxType>MVA</TaxType>
            <TaxCode>3</TaxCode>
            <TaxPercentage>25</TaxPercentage>
            <TaxAmount>
              <Amount>530.00</Amount>
            </TaxAmount>
          </TaxInformation>
        </Line>
      </Transaction>
      <Transaction>
        <TransactionID>11</TransactionID>
        <Period>1</Period>
        <PeriodYear>2023</PeriodYear>
        <TransactionDate>2023-01-13</TransactionDate>
        <Description></Description>
        <SystemEntryDate>2024-01-20</SystemEntryDate>
        <GLPostingDate>2024-01-20</GLPostingDate>
        <SystemID>5504943698</SystemID>
        <Line>
          <RecordID>5504953842</RecordID>
          <AccountID>1920:10001</AccountID>
          <Analysis>
            <AnalysisType>B</AnalysisType>
            <AnalysisID>1</AnalysisID>
          </Analysis>
          <Analysis>
            <AnalysisType>T</AnalysisType>
            <AnalysisID>0</AnalysisID>
          </Analysis>
          <ValueDate>2023-01-13</ValueDate>
          <Description>Betaling</Description>
          <DebitAmount>
            <Amount>2650.00</Amount>
          </DebitAmount>
        </Line>
        <Line>
          <RecordID>5504953843</RecordID>
          <AccountID>1500</AccountID>
          <Analysis>
            <AnalysisType>B</AnalysisType>
            <AnalysisID>1</AnalysisID>
          </Analysis>
          <Analysis>
            <AnalysisType>T</AnalysisType>
            <AnalysisID>0</AnalysisID>
          </Analysis>
          <ValueDate>2023-01-13</ValueDate>
          <CustomerID>10003</CustomerID>
          <Description>Betaling</Description>
          <CreditAmount>
            <Amount>2650.00</Amount>
          </CreditAmount>
        </Line>
      </Transaction>
      <Transaction>
        <TransactionID>1</TransactionID>
        <Period>1</Period>
        <PeriodYear>2023</PeriodYear>
        <TransactionDate>2023-01-14</TransactionDate>
        <Description>Kjøp, Stiftelsen Handelshøyskolen Bi (faktura #3019061)</Description>
        <SystemEntryDate>2024-01-16</SystemEntryDate>
        <GLPostingDate>2024-01-16</GLPostingDate>
        <SystemID>5490208383</SystemID>
        <Line>
          <RecordID>5490212753</RecordID>
          <AccountID>6860</AccountID>
          <Analysis>
            <AnalysisType>B</AnalysisType>
            <AnalysisID>1</AnalysisID>
          </Analysis>
          <Analysis>
            <AnalysisType>T</AnalysisType>
            <AnalysisID>1</AnalysisID>
          </Analysis>
          <ValueDate>2023-01-14</ValueDate>
          <Description>Handelslinje nr 1</Description>
          <DebitAmount>
            <Amount>37375.00</Amount>
          </DebitAmount>
        </Line>
        <Line>
          <RecordID>5490212754</RecordID>
          <AccountID>2400</AccountID>
          <Analysis>
            <AnalysisType>B</AnalysisType>
            <AnalysisID>1</AnalysisID>
          </Analysis>
          <Analysis>
            <AnalysisType>T</AnalysisType>
            <AnalysisID>1</AnalysisID>
          </Analysis>
          <ValueDate>2023-01-14</ValueDate>
          <SupplierID>20001</SupplierID>
          <Description>Kjøp, Stiftelsen Handelshøyskolen Bi (faktura #3019061)</Description>
          <CreditAmount>
            <Amount>37375.00</Amount>
          </CreditAmount>
        </Line>
      </Transaction>
      <Transaction>
        <TransactionID>TEMP-5504892818</TransactionID>
        <Period>1</Period>
        <PeriodYear>2023</PeriodYear>
        <TransactionDate>2023-01-20</TransactionDate>
        <Description>Til: 84501819394</Description>
        <SystemEntryDate>2024-01-20</SystemEntryDate>
        <GLPostingDate>2024-01-20</GLPostingDate>
        <SystemID>5504892818</SystemID>
        <Line>
          <RecordID>5504903201</RecordID>
          <AccountID>2999</AccountID>
          <Analysis>
            <AnalysisType>T</AnalysisType>
            <AnalysisID>2</AnalysisID>
          </Analysis>
          <ValueDate>2023-01-20</ValueDate>
          <Description>Til: 84501819394</Description>
          <DebitAmount>
            <Amount>40000.00</Amount>
          </DebitAmount>
        </Line>
        <Line>
          <RecordID>5504903202</RecordID>
          <AccountID>1920:10001</AccountID>
          <Analysis>
            <AnalysisType>T</AnalysisType>
            <AnalysisID>2</AnalysisID>
          </Analysis>
          <ValueDate>2023-01-20</ValueDate>
          <Description>Til: 84501819394</Description>
          <CreditAmount>
            <Amount>40000.00</Amount>
          </CreditAmount>
        </Line>
      </Transaction>
      <Transaction>
        <TransactionID>TEMP-5504892829</TransactionID>
        <Period>1</Period>
        <PeriodYear>2023</PeriodYear>
        <TransactionDate>2023-01-20</TransactionDate>
        <Description>Lån</Description>
        <SystemEntryDate>2024-01-20</SystemEntryDate>
        <GLPostingDate>2024-01-20</GLPostingDate>
        <SystemID>5504892829</SystemID>
        <Line>
          <RecordID>5504903225</RecordID>
          <AccountID>1920:10001</AccountID>
          <Analysis>
            <AnalysisType>T</AnalysisType>
            <AnalysisID>2</AnalysisID>
          </Analysis>
          <ValueDate>2023-01-20</ValueDate>
          <Description>Lån</Description>
          <DebitAmount>
            <Amount>37500.00</Amount>
          </DebitAmount>
        </Line>
        <Line>
          <RecordID>5504903226</RecordID>
          <AccountID>2999</AccountID>
          <Analysis>
            <AnalysisType>T</AnalysisType>
            <AnalysisID>2</AnalysisID>
          </Analysis>
          <ValueDate>2023-01-20</ValueDate>
          <Description>Lån</Description>
          <CreditAmount>
            <Amount>37500.00</Amount>
          </CreditAmount>
        </Line>
      </Transaction>
      <Transaction>
        <TransactionID>TEMP-5504893046</TransactionID>
        <Period>1</Period>
        <PeriodYear>2023</PeriodYear>
        <TransactionDate>2023-01-23</TransactionDate>
        <Description>Fra: 84501819394</Description>
        <SystemEntryDate>2024-01-20</SystemEntryDate>
        <GLPostingDate>2024-01-20</GLPostingDate>
        <SystemID>5504893046</SystemID>
        <Line>
          <RecordID>5504903757</RecordID>
          <AccountID>1920:10001</AccountID>
          <Analysis>
            <AnalysisType>T</AnalysisType>
            <AnalysisID>2</AnalysisID>
          </Analysis>
          <ValueDate>2023-01-23</ValueDate>
          <Description>Fra: 84501819394</Description>
          <DebitAmount>
            <Amount>37500.00</Amount>
          </DebitAmount>
        </Line>
        <Line>
          <RecordID>5504903758</RecordID>
          <AccountID>2999</AccountID>
          <Analysis>
            <AnalysisType>T</AnalysisType>
            <AnalysisID>2</AnalysisID>
          </Analysis>
          <ValueDate>2023-01-23</ValueDate>
          <Description>Fra: 84501819394</Description>
          <CreditAmount>
            <Amount>37500.00</Amount>
          </CreditAmount>
        </Line>
      </Transaction>
      <Transaction>
        <TransactionID>TEMP-5504892842</TransactionID>
        <Period>1</Period>
        <PeriodYear>2023</PeriodYear>
        <TransactionDate>2023-01-23</TransactionDate>
        <Description>Fra: 84501819394</Description>
        <SystemEntryDate>2024-01-20</SystemEntryDate>
        <GLPostingDate>2024-01-20</GLPostingDate>
        <SystemID>5504892842</SystemID>
        <Line>
          <RecordID>5504903252</RecordID>
          <AccountID>1920:10001</AccountID>
          <Analysis>
            <AnalysisType>T</AnalysisType>
            <AnalysisID>2</AnalysisID>
          </Analysis>
          <ValueDate>2023-01-23</ValueDate>
          <Description>Fra: 84501819394</Description>
          <DebitAmount>
            <Amount>500.00</Amount>
          </DebitAmount>
        </Line>
        <Line>
          <RecordID>5504903253</RecordID>
          <AccountID>2999</AccountID>
          <Analysis>
            <AnalysisType>T</AnalysisType>
            <AnalysisID>2</AnalysisID>
          </Analysis>
          <ValueDate>2023-01-23</ValueDate>
          <Description>Fra: 84501819394</Description>
          <CreditAmount>
            <Amount>500.00</Amount>
          </CreditAmount>
        </Line>
      </Transaction>
      <Transaction>
        <TransactionID>2</TransactionID>
        <Period>1</Period>
        <PeriodYear>2023</PeriodYear>
        <TransactionDate>2023-01-23</TransactionDate>
        <Description></Description>
        <SystemEntryDate>2024-01-16</SystemEntryDate>
        <GLPostingDate>2024-01-16</GLPostingDate>
        <SystemID>5490208384</SystemID>
        <Line>
          <RecordID>5490212755</RecordID>
          <AccountID>2400</AccountID>
          <Analysis>
            <AnalysisType>B</AnalysisType>
            <AnalysisID>1</AnalysisID>
          </Analysis>
          <Analysis>
            <AnalysisType>T</AnalysisType>
            <AnalysisID>1</AnalysisID>
          </Analysis>
          <ValueDate>2023-01-23</ValueDate>
          <SupplierID>20001</SupplierID>
          <Description>Betaling</Description>
          <DebitAmount>
            <Amount>37375.00</Amount>
          </DebitAmount>
        </Line>
        <Line>
          <RecordID>5490212756</RecordID>
          <AccountID>1920:10001</AccountID>
          <Analysis>
            <AnalysisType>B</AnalysisType>
            <AnalysisID>1</AnalysisID>
          </Analysis>
          <Analysis>
            <AnalysisType>T</AnalysisType>
            <AnalysisID>1</AnalysisID>
          </Analysis>
          <ValueDate>2023-01-23</ValueDate>
          <Description>Betaling</Description>
          <CreditAmount>
            <Amount>37375.00</Amount>
          </CreditAmount>
        </Line>
      </Transaction>
      <Transaction>
        <TransactionID>TEMP-5495307537</TransactionID>
        <Period>3</Period>
        <PeriodYear>2023</PeriodYear>
        <TransactionDate>2023-03-08</TransactionDate>
        <Description>MVA</Description>
        <SystemEntryDate>2024-01-17</SystemEntryDate>
        <GLPostingDate>2024-01-17</GLPostingDate>
        <SystemID>5495307537</SystemID>
        <Line>
          <RecordID>5495321266</RecordID>
          <AccountID>1920:10001</AccountID>
          <Analysis>
            <AnalysisType>T</AnalysisType>
            <AnalysisID>2</AnalysisID>
          </Analysis>
          <ValueDate>2023-03-08</ValueDate>
          <Description>MVA</Description>
          <DebitAmount>
            <Amount>664.00</Amount>
          </DebitAmount>
        </Line>
        <Line>
          <RecordID>5495321267</RecordID>
          <AccountID>2740</AccountID>
          <Analysis>
            <AnalysisType>T</AnalysisType>
            <AnalysisID>2</AnalysisID>
          </Analysis>
          <ValueDate>2023-03-08</ValueDate>
          <Description>MVA</Description>
          <CreditAmount>
            <Amount>664.00</Amount>
          </CreditAmount>
        </Line>
      </Transaction>
      <Transaction>
        <TransactionID>TEMP-5504909160</TransactionID>
        <Period>7</Period>
        <PeriodYear>2023</PeriodYear>
        <TransactionDate>2023-07-16</TransactionDate>
        <Description>lån Elena</Description>
        <SystemEntryDate>2024-01-20</SystemEntryDate>
        <GLPostingDate>2024-01-20</GLPostingDate>
        <SystemID>5504909160</SystemID>
        <Line>
          <RecordID>5504904032</RecordID>
          <AccountID>1920:10001</AccountID>
          <Analysis>
            <AnalysisType>T</AnalysisType>
            <AnalysisID>2</AnalysisID>
          </Analysis>
          <ValueDate>2023-07-16</ValueDate>
          <Description>lån Elena</Description>
          <DebitAmount>
            <Amount>62500.00</Amount>
          </DebitAmount>
        </Line>
        <Line>
          <RecordID>5504904033</RecordID>
          <AccountID>2999</AccountID>
          <Analysis>
            <AnalysisType>T</AnalysisType>
            <AnalysisID>2</AnalysisID>
          </Analysis>
          <ValueDate>2023-07-16</ValueDate>
          <Description>lån Elena</Description>
          <CreditAmount>
            <Amount>62500.00</Amount>
          </CreditAmount>
        </Line>
      </Transaction>
      <Transaction>
        <TransactionID>TEMP-5504943949</TransactionID>
        <Period>7</Period>
        <PeriodYear>2023</PeriodYear>
        <TransactionDate>2023-07-16</TransactionDate>
        <Description>20.000 av 62.000 tilbake</Description>
        <SystemEntryDate>2024-01-20</SystemEntryDate>
        <GLPostingDate>2024-01-20</GLPostingDate>
        <SystemID>5504943949</SystemID>
        <Line>
          <RecordID>5504966486</RecordID>
          <AccountID>2999</AccountID>
          <Analysis>
            <AnalysisType>T</AnalysisType>
            <AnalysisID>2</AnalysisID>
          </Analysis>
          <ValueDate>2023-07-16</ValueDate>
          <Description>20.000 av 62.000 tilbake</Description>
          <DebitAmount>
            <Amount>20000.00</Amount>
          </DebitAmount>
        </Line>
        <Line>
          <RecordID>5504966487</RecordID>
          <AccountID>1920:10001</AccountID>
          <Analysis>
            <AnalysisType>T</AnalysisType>
            <AnalysisID>2</AnalysisID>
          </Analysis>
          <ValueDate>2023-07-16</ValueDate>
          <Description>20.000 av 62.000 tilbake</Description>
          <CreditAmount>
            <Amount>20000.00</Amount>
          </CreditAmount>
        </Line>
      </Transaction>
      <Transaction>
        <TransactionID>7</TransactionID>
        <Period>7</Period>
        <PeriodYear>2023</PeriodYear>
        <TransactionDate>2023-07-17</TransactionDate>
        <Description>Kjøp, Euromerger Norway AS: Faktura Euromerger</Description>
        <SystemEntryDate>2024-01-20</SystemEntryDate>
        <GLPostingDate>2024-01-20</GLPostingDate>
        <SystemID>5504943579</SystemID>
        <Line>
          <RecordID>5504953526</RecordID>
          <AccountID>2400</AccountID>
          <Analysis>
            <AnalysisType>B</AnalysisType>
            <AnalysisID>1</AnalysisID>
          </Analysis>
          <Analysis>
            <AnalysisType>T</AnalysisType>
            <AnalysisID>1</AnalysisID>
          </Analysis>
          <ValueDate>2023-07-17</ValueDate>
          <SupplierID>20003</SupplierID>
          <Description>Kjøp, Euromerger Norway AS: Faktura Euromerger</Description>
          <CreditAmount>
            <Amount>62500.00</Amount>
          </CreditAmount>
        </Line>
        <Line>
          <RecordID>5504953527</RecordID>
          <AccountID>2711</AccountID>
          <Analysis>
            <AnalysisType>B</AnalysisType>
            <AnalysisID>1</AnalysisID>
          </Analysis>
          <Analysis>
            <AnalysisType>T</AnalysisType>
            <AnalysisID>1</AnalysisID>
          </Analysis>
          <ValueDate>2023-07-17</ValueDate>
          <Description>Kjøp, Euromerger Norway AS: Faktura Euromerger</Description>
          <DebitAmount>
            <Amount>12500.00</Amount>
          </DebitAmount>
        </Line>
        <Line>
          <RecordID>5504953528</RecordID>
          <AccountID>6795</AccountID>
          <Analysis>
            <AnalysisType>B</AnalysisType>
            <AnalysisID>1</AnalysisID>
          </Analysis>
          <Analysis>
            <AnalysisType>T</AnalysisType>
            <AnalysisID>1</AnalysisID>
          </Analysis>
          <ValueDate>2023-07-17</ValueDate>
          <Description>Handelslinje nr 1</Description>
          <DebitAmount>
            <Amount>50000.00</Amount>
          </DebitAmount>
          <TaxInformation>
            <TaxType>MVA</TaxType>
            <TaxCode>1</TaxCode>
            <TaxPercentage>25</TaxPercentage>
            <TaxAmount>
              <Amount>12500.00</Amount>
            </TaxAmount>
          </TaxInformation>
        </Line>
      </Transaction>
      <Transaction>
        <TransactionID>8</TransactionID>
        <Period>7</Period>
        <PeriodYear>2023</PeriodYear>
        <TransactionDate>2023-07-17</TransactionDate>
        <Description></Description>
        <SystemEntryDate>2024-01-20</SystemEntryDate>
        <GLPostingDate>2024-01-20</GLPostingDate>
        <SystemID>5504943580</SystemID>
        <Line>
          <RecordID>5504953529</RecordID>
          <AccountID>2400</AccountID>
          <Analysis>
            <AnalysisType>B</AnalysisType>
            <AnalysisID>1</AnalysisID>
          </Analysis>
          <Analysis>
            <AnalysisType>T</AnalysisType>
            <AnalysisID>1</AnalysisID>
          </Analysis>
          <ValueDate>2023-07-17</ValueDate>
          <SupplierID>20003</SupplierID>
          <Description>Betaling</Description>
          <DebitAmount>
            <Amount>42500.00</Amount>
          </DebitAmount>
        </Line>
        <Line>
          <RecordID>5504953530</RecordID>
          <AccountID>1920:10001</AccountID>
          <Analysis>
            <AnalysisType>B</AnalysisType>
            <AnalysisID>1</AnalysisID>
          </Analysis>
          <Analysis>
            <AnalysisType>T</AnalysisType>
            <AnalysisID>1</AnalysisID>
          </Analysis>
          <ValueDate>2023-07-17</ValueDate>
          <Description>Betaling</Description>
          <CreditAmount>
            <Amount>42500.00</Amount>
          </CreditAmount>
        </Line>
      </Transaction>
      <Transaction>
        <TransactionID>14</TransactionID>
        <Period>7</Period>
        <PeriodYear>2023</PeriodYear>
        <TransactionDate>2023-07-17</TransactionDate>
        <Description>Salg, Euromerger Norway AS: Euromerger</Description>
        <SystemEntryDate>2024-01-20</SystemEntryDate>
        <GLPostingDate>2024-01-20</GLPostingDate>
        <SystemID>5505256839</SystemID>
        <Line>
          <RecordID>5505280278</RecordID>
          <AccountID>1500</AccountID>
          <Analysis>
            <AnalysisType>B</AnalysisType>
            <AnalysisID>1</AnalysisID>
          </Analysis>
          <Analysis>
            <AnalysisType>T</AnalysisType>
            <AnalysisID>0</AnalysisID>
          </Analysis>
          <ValueDate>2023-07-17</ValueDate>
          <CustomerID>10001</CustomerID>
          <Description>Salg, Euromerger Norway AS: Euromerger</Description>
          <DebitAmount>
            <Amount>62500.00</Amount>
          </DebitAmount>
        </Line>
        <Line>
          <RecordID>5505280279</RecordID>
          <AccountID>2701</AccountID>
          <Analysis>
            <AnalysisType>B</AnalysisType>
            <AnalysisID>1</AnalysisID>
          </Analysis>
          <Analysis>
            <AnalysisType>T</AnalysisType>
            <AnalysisID>0</AnalysisID>
          </Analysis>
          <ValueDate>2023-07-17</ValueDate>
          <Description>Salg, Euromerger Norway AS: Euromerger</Description>
          <CreditAmount>
            <Amount>12500.00</Amount>
          </CreditAmount>
        </Line>
        <Line>
          <RecordID>5505280280</RecordID>
          <AccountID>3020</AccountID>
          <Analysis>
            <AnalysisType>B</AnalysisType>
            <AnalysisID>1</AnalysisID>
          </Analysis>
          <Analysis>
            <AnalysisType>T</AnalysisType>
            <AnalysisID>0</AnalysisID>
          </Analysis>
          <ValueDate>2023-07-17</ValueDate>
          <Description>Handelslinje nr 1</Description>
          <CreditAmount>
            <Amount>50000.00</Amount>
          </CreditAmount>
          <TaxInformation>
            <TaxType>MVA</TaxType>
            <TaxCode>3</TaxCode>
            <TaxPercentage>25</TaxPercentage>
            <TaxAmount>
              <Amount>12500.00</Amount>
            </TaxAmount>
          </TaxInformation>
        </Line>
      </Transaction>
      <Transaction>
        <TransactionID>15</TransactionID>
        <Period>7</Period>
        <PeriodYear>2023</PeriodYear>
        <TransactionDate>2023-07-17</TransactionDate>
        <Description></Description>
        <SystemEntryDate>2024-01-20</SystemEntryDate>
        <GLPostingDate>2024-01-20</GLPostingDate>
        <SystemID>5505256840</SystemID>
        <Line>
          <RecordID>5505280281</RecordID>
          <AccountID>1920:10001</AccountID>
          <Analysis>
            <AnalysisType>B</AnalysisType>
            <AnalysisID>1</AnalysisID>
          </Analysis>
          <Analysis>
            <AnalysisType>T</AnalysisType>
            <AnalysisID>0</AnalysisID>
          </Analysis>
          <ValueDate>2023-07-17</ValueDate>
          <Description>Betaling</Description>
          <DebitAmount>
            <Amount>40000.00</Amount>
          </DebitAmount>
        </Line>
        <Line>
          <RecordID>5505280282</RecordID>
          <AccountID>1500</AccountID>
          <Analysis>
            <AnalysisType>B</AnalysisType>
            <AnalysisID>1</AnalysisID>
          </Analysis>
          <Analysis>
            <AnalysisType>T</AnalysisType>
            <AnalysisID>0</AnalysisID>
          </Analysis>
          <ValueDate>2023-07-17</ValueDate>
          <CustomerID>10001</CustomerID>
          <Description>Betaling</Description>
          <CreditAmount>
            <Amount>40000.00</Amount>
          </CreditAmount>
        </Line>
      </Transaction>
      <Transaction>
        <TransactionID>17</TransactionID>
        <Period>7</Period>
        <PeriodYear>2023</PeriodYear>
        <TransactionDate>2023-07-17</TransactionDate>
        <Description></Description>
        <SystemEntryDate>2024-01-20</SystemEntryDate>
        <GLPostingDate>2024-01-20</GLPostingDate>
        <SystemID>5505297386</SystemID>
        <Line>
          <RecordID>5505301810</RecordID>
          <AccountID>2400</AccountID>
          <Analysis>
            <AnalysisType>B</AnalysisType>
            <AnalysisID>1</AnalysisID>
          </Analysis>
          <Analysis>
            <AnalysisType>T</AnalysisType>
            <AnalysisID>4</AnalysisID>
          </Analysis>
          <ValueDate>2023-07-17</ValueDate>
          <SupplierID>20003</SupplierID>
          <Description>Motlinje for: 'Kjøp, Euromerger Norway AS: Faktura Euromerger' - utført 2024-01-20</Description>
          <DebitAmount>
            <Amount>62500.00</Amount>
          </DebitAmount>
        </Line>
        <Line>
          <RecordID>5505301811</RecordID>
          <AccountID>2711</AccountID>
          <Analysis>
            <AnalysisType>B</AnalysisType>
            <AnalysisID>1</AnalysisID>
          </Analysis>
          <Analysis>
            <AnalysisType>T</AnalysisType>
            <AnalysisID>4</AnalysisID>
          </Analysis>
          <ValueDate>2023-07-17</ValueDate>
          <Description>Motlinje for: 'Kjøp, Euromerger Norway AS: Faktura Euromerger' - utført 2024-01-20</Description>
          <CreditAmount>
            <Amount>12500.00</Amount>
          </CreditAmount>
        </Line>
        <Line>
          <RecordID>5505301812</RecordID>
          <AccountID>6795</AccountID>
          <Analysis>
            <AnalysisType>B</AnalysisType>
            <AnalysisID>1</AnalysisID>
          </Analysis>
          <Analysis>
            <AnalysisType>T</AnalysisType>
            <AnalysisID>4</AnalysisID>
          </Analysis>
          <ValueDate>2023-07-17</ValueDate>
          <Description>Motlinje for: 'Kjøp, Euromerger Norway AS: Faktura Euromerger' - utført 2024-01-20</Description>
          <CreditAmount>
            <Amount>50000.00</Amount>
          </CreditAmount>
          <TaxInformation>
            <TaxType>MVA</TaxType>
            <TaxCode>1</TaxCode>
            <TaxPercentage>25</TaxPercentage>
            <TaxAmount>
              <Amount>12500.00</Amount>
            </TaxAmount>
          </TaxInformation>
        </Line>
      </Transaction>
      <Transaction>
        <TransactionID>18</TransactionID>
        <Period>7</Period>
        <PeriodYear>2023</PeriodYear>
        <TransactionDate>2023-07-17</TransactionDate>
        <Description></Description>
        <SystemEntryDate>2024-01-20</SystemEntryDate>
        <GLPostingDate>2024-01-20</GLPostingDate>
        <SystemID>5505297387</SystemID>
        <Line>
          <RecordID>5505301813</RecordID>
          <AccountID>2400</AccountID>
          <Analysis>
            <AnalysisType>B</AnalysisType>
            <AnalysisID>1</AnalysisID>
          </Analysis>
          <Analysis>
            <AnalysisType>T</AnalysisType>
            <AnalysisID>4</AnalysisID>
          </Analysis>
          <ValueDate>2023-07-17</ValueDate>
          <SupplierID>20003</SupplierID>
          <Description>Motlinje for: 'Betaling' - utført 2024-01-20</Description>
          <CreditAmount>
            <Amount>42500.00</Amount>
          </CreditAmount>
        </Line>
        <Line>
          <RecordID>5505301814</RecordID>
          <AccountID>1920:10001</AccountID>
          <Analysis>
            <AnalysisType>B</AnalysisType>
            <AnalysisID>1</AnalysisID>
          </Analysis>
          <Analysis>
            <AnalysisType>T</AnalysisType>
            <AnalysisID>4</AnalysisID>
          </Analysis>
          <ValueDate>2023-07-17</ValueDate>
          <Description>Motlinje for: 'Betaling' - utført 2024-01-20</Description>
          <DebitAmount>
            <Amount>42500.00</Amount>
          </DebitAmount>
        </Line>
      </Transaction>
      <Transaction>
        <TransactionID>20</TransactionID>
        <Period>7</Period>
        <PeriodYear>2023</PeriodYear>
        <TransactionDate>2023-07-17</TransactionDate>
        <Description></Description>
        <SystemEntryDate>2024-01-20</SystemEntryDate>
        <GLPostingDate>2024-01-20</GLPostingDate>
        <SystemID>5505297434</SystemID>
        <Line>
          <RecordID>5505301978</RecordID>
          <AccountID>1500</AccountID>
          <Analysis>
            <AnalysisType>B</AnalysisType>
            <AnalysisID>1</AnalysisID>
          </Analysis>
          <Analysis>
            <AnalysisType>T</AnalysisType>
            <AnalysisID>4</AnalysisID>
          </Analysis>
          <ValueDate>2023-07-17</ValueDate>
          <CustomerID>10001</CustomerID>
          <Description>Motlinje for: 'Salg, Euromerger Norway AS: Euromerger' - utført 2024-01-20</Description>
          <CreditAmount>
            <Amount>62500.00</Amount>
          </CreditAmount>
        </Line>
        <Line>
          <RecordID>5505301979</RecordID>
          <AccountID>2701</AccountID>
          <Analysis>
            <AnalysisType>B</AnalysisType>
            <AnalysisID>1</AnalysisID>
          </Analysis>
          <Analysis>
            <AnalysisType>T</AnalysisType>
            <AnalysisID>4</AnalysisID>
          </Analysis>
          <ValueDate>2023-07-17</ValueDate>
          <Description>Motlinje for: 'Salg, Euromerger Norway AS: Euromerger' - utført 2024-01-20</Description>
          <DebitAmount>
            <Amount>12500.00</Amount>
          </DebitAmount>
        </Line>
        <Line>
          <RecordID>5505301980</RecordID>
          <AccountID>3020</AccountID>
          <Analysis>
            <AnalysisType>B</AnalysisType>
            <AnalysisID>1</AnalysisID>
          </Analysis>
          <Analysis>
            <AnalysisType>T</AnalysisType>
            <AnalysisID>4</AnalysisID>
          </Analysis>
          <ValueDate>2023-07-17</ValueDate>
          <Description>Motlinje for: 'Salg, Euromerger Norway AS: Euromerger' - utført 2024-01-20</Description>
          <DebitAmount>
            <Amount>50000.00</Amount>
          </DebitAmount>
          <TaxInformation>
            <TaxType>MVA</TaxType>
            <TaxCode>3</TaxCode>
            <TaxPercentage>25</TaxPercentage>
            <TaxAmount>
              <Amount>12500.00</Amount>
            </TaxAmount>
          </TaxInformation>
        </Line>
      </Transaction>
      <Transaction>
        <TransactionID>21</TransactionID>
        <Period>7</Period>
        <PeriodYear>2023</PeriodYear>
        <TransactionDate>2023-07-17</TransactionDate>
        <Description></Description>
        <SystemEntryDate>2024-01-20</SystemEntryDate>
        <GLPostingDate>2024-01-20</GLPostingDate>
        <SystemID>5505297435</SystemID>
        <Line>
          <RecordID>5505301981</RecordID>
          <AccountID>1920:10001</AccountID>
          <Analysis>
            <AnalysisType>B</AnalysisType>
            <AnalysisID>1</AnalysisID>
          </Analysis>
          <Analysis>
            <AnalysisType>T</AnalysisType>
            <AnalysisID>4</AnalysisID>
          </Analysis>
          <ValueDate>2023-07-17</ValueDate>
          <Description>Motlinje for: 'Betaling' - utført 2024-01-20</Description>
          <CreditAmount>
            <Amount>40000.00</Amount>
          </CreditAmount>
        </Line>
        <Line>
          <RecordID>5505301982</RecordID>
          <AccountID>1500</AccountID>
          <Analysis>
            <AnalysisType>B</AnalysisType>
            <AnalysisID>1</AnalysisID>
          </Analysis>
          <Analysis>
            <AnalysisType>T</AnalysisType>
            <AnalysisID>4</AnalysisID>
          </Analysis>
          <ValueDate>2023-07-17</ValueDate>
          <CustomerID>10001</CustomerID>
          <Description>Motlinje for: 'Betaling' - utført 2024-01-20</Description>
          <DebitAmount>
            <Amount>40000.00</Amount>
          </DebitAmount>
        </Line>
      </Transaction>
      <Transaction>
        <TransactionID>TEMP-5505333752</TransactionID>
        <Period>7</Period>
        <PeriodYear>2023</PeriodYear>
        <TransactionDate>2023-07-17</TransactionDate>
        <Description></Description>
        <SystemEntryDate>2024-01-20</SystemEntryDate>
        <GLPostingDate>2024-01-20</GLPostingDate>
        <SystemID>5505333752</SystemID>
        <Line>
          <RecordID>5505344267</RecordID>
          <AccountID>2400</AccountID>
          <Analysis>
            <AnalysisType>T</AnalysisType>
            <AnalysisID>2</AnalysisID>
          </Analysis>
          <ValueDate>2023-07-17</ValueDate>
          <SupplierID>20003</SupplierID>
          <Description>Til: 15062347926 - FAKTURA ...</Description>
          <DebitAmount>
            <Amount>42500.00</Amount>
          </DebitAmount>
        </Line>
        <Line>
          <RecordID>5505344268</RecordID>
          <AccountID>1920:10001</AccountID>
          <Analysis>
            <AnalysisType>T</AnalysisType>
            <AnalysisID>2</AnalysisID>
          </Analysis>
          <ValueDate>2023-07-17</ValueDate>
          <Description>Til: 15062347926 - FAKTURA ...</Description>
          <CreditAmount>
            <Amount>42500.00</Amount>
          </CreditAmount>
        </Line>
      </Transaction>
      <Transaction>
        <TransactionID>TEMP-5505376726</TransactionID>
        <Period>7</Period>
        <PeriodYear>2023</PeriodYear>
        <TransactionDate>2023-07-17</TransactionDate>
        <Description></Description>
        <SystemEntryDate>2024-01-20</SystemEntryDate>
        <GLPostingDate>2024-01-20</GLPostingDate>
        <SystemID>5505376726</SystemID>
        <Line>
          <RecordID>5505382920</RecordID>
          <AccountID>1920:10001</AccountID>
          <Analysis>
            <AnalysisType>T</AnalysisType>
            <AnalysisID>2</AnalysisID>
          </Analysis>
          <ValueDate>2023-07-17</ValueDate>
          <Description>Overføring 3348864</Description>
          <DebitAmount>
            <Amount>40000.00</Amount>
          </DebitAmount>
        </Line>
        <Line>
          <RecordID>5505382921</RecordID>
          <AccountID>1500</AccountID>
          <Analysis>
            <AnalysisType>T</AnalysisType>
            <AnalysisID>2</AnalysisID>
          </Analysis>
          <ValueDate>2023-07-17</ValueDate>
          <CustomerID>10001</CustomerID>
          <Description>Overføring 3348864</Description>
          <CreditAmount>
            <Amount>40000.00</Amount>
          </CreditAmount>
        </Line>
      </Transaction>
      <Transaction>
        <TransactionID>9</TransactionID>
        <Period>7</Period>
        <PeriodYear>2023</PeriodYear>
        <TransactionDate>2023-07-20</TransactionDate>
        <Description></Description>
        <SystemEntryDate>2024-01-20</SystemEntryDate>
        <GLPostingDate>2024-01-20</GLPostingDate>
        <SystemID>5504943603</SystemID>
        <Line>
          <RecordID>5504953586</RecordID>
          <AccountID>2400</AccountID>
          <Analysis>
            <AnalysisType>B</AnalysisType>
            <AnalysisID>1</AnalysisID>
          </Analysis>
          <Analysis>
            <AnalysisType>T</AnalysisType>
            <AnalysisID>1</AnalysisID>
          </Analysis>
          <ValueDate>2023-07-20</ValueDate>
          <SupplierID>20003</SupplierID>
          <Description>Betaling </Description>
          <DebitAmount>
            <Amount>20000.00</Amount>
          </DebitAmount>
        </Line>
        <Line>
          <RecordID>5504953587</RecordID>
          <AccountID>1920:10001</AccountID>
          <Analysis>
            <AnalysisType>B</AnalysisType>
            <AnalysisID>1</AnalysisID>
          </Analysis>
          <Analysis>
            <AnalysisType>T</AnalysisType>
            <AnalysisID>1</AnalysisID>
          </Analysis>
          <ValueDate>2023-07-20</ValueDate>
          <Description>Betaling </Description>
          <CreditAmount>
            <Amount>20000.00</Amount>
          </CreditAmount>
        </Line>
      </Transaction>
      <Transaction>
        <TransactionID>19</TransactionID>
        <Period>7</Period>
        <PeriodYear>2023</PeriodYear>
        <TransactionDate>2023-07-20</TransactionDate>
        <Description></Description>
        <SystemEntryDate>2024-01-20</SystemEntryDate>
        <GLPostingDate>2024-01-20</GLPostingDate>
        <SystemID>5505297388</SystemID>
        <Line>
          <RecordID>5505301815</RecordID>
          <AccountID>2400</AccountID>
          <Analysis>
            <AnalysisType>B</AnalysisType>
            <AnalysisID>1</AnalysisID>
          </Analysis>
          <Analysis>
            <AnalysisType>T</AnalysisType>
            <AnalysisID>4</AnalysisID>
          </Analysis>
          <ValueDate>2023-07-20</ValueDate>
          <SupplierID>20003</SupplierID>
          <Description>Motlinje for: 'Betaling ' - utført 2024-01-20</Description>
          <CreditAmount>
            <Amount>20000.00</Amount>
          </CreditAmount>
        </Line>
        <Line>
          <RecordID>5505301816</RecordID>
          <AccountID>1920:10001</AccountID>
          <Analysis>
            <AnalysisType>B</AnalysisType>
            <AnalysisID>1</AnalysisID>
          </Analysis>
          <Analysis>
            <AnalysisType>T</AnalysisType>
            <AnalysisID>4</AnalysisID>
          </Analysis>
          <ValueDate>2023-07-20</ValueDate>
          <Description>Motlinje for: 'Betaling ' - utført 2024-01-20</Description>
          <DebitAmount>
            <Amount>20000.00</Amount>
          </DebitAmount>
        </Line>
      </Transaction>
      <Transaction>
        <TransactionID>TEMP-5505333753</TransactionID>
        <Period>7</Period>
        <PeriodYear>2023</PeriodYear>
        <TransactionDate>2023-07-20</TransactionDate>
        <Description></Description>
        <SystemEntryDate>2024-01-20</SystemEntryDate>
        <GLPostingDate>2024-01-20</GLPostingDate>
        <SystemID>5505333753</SystemID>
        <Line>
          <RecordID>5505344269</RecordID>
          <AccountID>2400</AccountID>
          <Analysis>
            <AnalysisType>T</AnalysisType>
            <AnalysisID>2</AnalysisID>
          </Analysis>
          <ValueDate>2023-07-20</ValueDate>
          <SupplierID>20003</SupplierID>
          <Description>Rest faktura</Description>
          <DebitAmount>
            <Amount>20000.00</Amount>
          </DebitAmount>
        </Line>
        <Line>
          <RecordID>5505344270</RecordID>
          <AccountID>1920:10001</AccountID>
          <Analysis>
            <AnalysisType>T</AnalysisType>
            <AnalysisID>2</AnalysisID>
          </Analysis>
          <ValueDate>2023-07-20</ValueDate>
          <Description>Rest faktura</Description>
          <CreditAmount>
            <Amount>20000.00</Amount>
          </CreditAmount>
        </Line>
      </Transaction>
      <Transaction>
        <TransactionID>16</TransactionID>
        <Period>8</Period>
        <PeriodYear>2023</PeriodYear>
        <TransactionDate>2023-08-04</TransactionDate>
        <Description></Description>
        <SystemEntryDate>2024-01-20</SystemEntryDate>
        <GLPostingDate>2024-01-20</GLPostingDate>
        <SystemID>5505256841</SystemID>
        <Line>
          <RecordID>5505280283</RecordID>
          <AccountID>1920:10001</AccountID>
          <Analysis>
            <AnalysisType>B</AnalysisType>
            <AnalysisID>1</AnalysisID>
          </Analysis>
          <Analysis>
            <AnalysisType>T</AnalysisType>
            <AnalysisID>0</AnalysisID>
          </Analysis>
          <ValueDate>2023-08-04</ValueDate>
          <Description>Betaling </Description>
          <DebitAmount>
            <Amount>22500.00</Amount>
          </DebitAmount>
        </Line>
        <Line>
          <RecordID>5505280284</RecordID>
          <AccountID>1500</AccountID>
          <Analysis>
            <AnalysisType>B</AnalysisType>
            <AnalysisID>1</AnalysisID>
          </Analysis>
          <Analysis>
            <AnalysisType>T</AnalysisType>
            <AnalysisID>0</AnalysisID>
          </Analysis>
          <ValueDate>2023-08-04</ValueDate>
          <CustomerID>10001</CustomerID>
          <Description>Betaling </Description>
          <CreditAmount>
            <Amount>22500.00</Amount>
          </CreditAmount>
        </Line>
      </Transaction>
      <Transaction>
        <TransactionID>22</TransactionID>
        <Period>8</Period>
        <PeriodYear>2023</PeriodYear>
        <TransactionDate>2023-08-04</TransactionDate>
        <Description></Description>
        <SystemEntryDate>2024-01-20</SystemEntryDate>
        <GLPostingDate>2024-01-20</GLPostingDate>
        <SystemID>5505297436</SystemID>
        <Line>
          <RecordID>5505301983</RecordID>
          <AccountID>1920:10001</AccountID>
          <Analysis>
            <AnalysisType>B</AnalysisType>
            <AnalysisID>1</AnalysisID>
          </Analysis>
          <Analysis>
            <AnalysisType>T</AnalysisType>
            <AnalysisID>4</AnalysisID>
          </Analysis>
          <ValueDate>2023-08-04</ValueDate>
          <Description>Motlinje for: 'Betaling ' - utført 2024-01-20</Description>
          <CreditAmount>
            <Amount>22500.00</Amount>
          </CreditAmount>
        </Line>
        <Line>
          <RecordID>5505301984</RecordID>
          <AccountID>1500</AccountID>
          <Analysis>
            <AnalysisType>B</AnalysisType>
            <AnalysisID>1</AnalysisID>
          </Analysis>
          <Analysis>
            <AnalysisType>T</AnalysisType>
            <AnalysisID>4</AnalysisID>
          </Analysis>
          <ValueDate>2023-08-04</ValueDate>
          <CustomerID>10001</CustomerID>
          <Description>Motlinje for: 'Betaling ' - utført 2024-01-20</Description>
          <DebitAmount>
            <Amount>22500.00</Amount>
          </DebitAmount>
        </Line>
      </Transaction>
      <Transaction>
        <TransactionID>TEMP-5505376769</TransactionID>
        <Period>8</Period>
        <PeriodYear>2023</PeriodYear>
        <TransactionDate>2023-08-04</TransactionDate>
        <Description>Rest faktura</Description>
        <SystemEntryDate>2024-01-20</SystemEntryDate>
        <GLPostingDate>2024-01-20</GLPostingDate>
        <SystemID>5505376769</SystemID>
        <Line>
          <RecordID>5505383026</RecordID>
          <AccountID>1920:10001</AccountID>
          <Analysis>
            <AnalysisType>T</AnalysisType>
            <AnalysisID>2</AnalysisID>
          </Analysis>
          <ValueDate>2023-08-04</ValueDate>
          <Description>Rest faktura</Description>
          <DebitAmount>
            <Amount>22500.00</Amount>
          </DebitAmount>
        </Line>
        <Line>
          <RecordID>5505383027</RecordID>
          <AccountID>1500</AccountID>
          <Analysis>
            <AnalysisType>T</AnalysisType>
            <AnalysisID>2</AnalysisID>
          </Analysis>
          <ValueDate>2023-08-04</ValueDate>
          <CustomerID>10001</CustomerID>
          <Description>Rest faktura</Description>
          <CreditAmount>
            <Amount>22500.00</Amount>
          </CreditAmount>
        </Line>
      </Transaction>
      <Transaction>
        <TransactionID>TEMP-5504909665</TransactionID>
        <Period>11</Period>
        <PeriodYear>2023</PeriodYear>
        <TransactionDate>2023-11-20</TransactionDate>
        <Description>Til: 91002597190 - Nettbank...</Description>
        <SystemEntryDate>2024-01-20</SystemEntryDate>
        <GLPostingDate>2024-01-20</GLPostingDate>
        <SystemID>5504909665</SystemID>
        <Line>
          <RecordID>5504933134</RecordID>
          <AccountID>2999</AccountID>
          <Analysis>
            <AnalysisType>T</AnalysisType>
            <AnalysisID>2</AnalysisID>
          </Analysis>
          <ValueDate>2023-11-20</ValueDate>
          <Description>Til: 91002597190 - Nettbank...</Description>
          <DebitAmount>
            <Amount>43900.00</Amount>
          </DebitAmount>
        </Line>
        <Line>
          <RecordID>5504933135</RecordID>
          <AccountID>1920:10001</AccountID>
          <Analysis>
            <AnalysisType>T</AnalysisType>
            <AnalysisID>2</AnalysisID>
          </Analysis>
          <ValueDate>2023-11-20</ValueDate>
          <Description>Til: 91002597190 - Nettbank...</Description>
          <CreditAmount>
            <Amount>43900.00</Amount>
          </CreditAmount>
        </Line>
      </Transaction>
      <Transaction>
        <TransactionID>12</TransactionID>
        <Period>11</Period>
        <PeriodYear>2023</PeriodYear>
        <TransactionDate>2023-11-22</TransactionDate>
        <Description>Salg, Sameiet Seljeholtet 15: Vask Selsjeholtet</Description>
        <SystemEntryDate>2024-01-20</SystemEntryDate>
        <GLPostingDate>2024-01-20</GLPostingDate>
        <SystemID>5504943756</SystemID>
        <Line>
          <RecordID>5504953981</RecordID>
          <AccountID>1500</AccountID>
          <Analysis>
            <AnalysisType>B</AnalysisType>
            <AnalysisID>1</AnalysisID>
          </Analysis>
          <Analysis>
            <AnalysisType>T</AnalysisType>
            <AnalysisID>0</AnalysisID>
          </Analysis>
          <ValueDate>2023-11-22</ValueDate>
          <CustomerID>10003</CustomerID>
          <Description>Salg, Sameiet Seljeholtet 15: Vask Selsjeholtet</Description>
          <DebitAmount>
            <Amount>5040.00</Amount>
          </DebitAmount>
        </Line>
        <Line>
          <RecordID>5504953982</RecordID>
          <AccountID>2701</AccountID>
          <Analysis>
            <AnalysisType>B</AnalysisType>
            <AnalysisID>1</AnalysisID>
          </Analysis>
          <Analysis>
            <AnalysisType>T</AnalysisType>
            <AnalysisID>0</AnalysisID>
          </Analysis>
          <ValueDate>2023-11-22</ValueDate>
          <Description>Salg, Sameiet Seljeholtet 15: Vask Selsjeholtet</Description>
          <CreditAmount>
            <Amount>1008.00</Amount>
          </CreditAmount>
        </Line>
        <Line>
          <RecordID>5504953983</RecordID>
          <AccountID>3020</AccountID>
          <Analysis>
            <AnalysisType>B</AnalysisType>
            <AnalysisID>1</AnalysisID>
          </Analysis>
          <Analysis>
            <AnalysisType>T</AnalysisType>
            <AnalysisID>0</AnalysisID>
          </Analysis>
          <ValueDate>2023-11-22</ValueDate>
          <Description>Handelslinje nr 1</Description>
          <CreditAmount>
            <Amount>4032.00</Amount>
          </CreditAmount>
          <TaxInformation>
            <TaxType>MVA</TaxType>
            <TaxCode>3</TaxCode>
            <TaxPercentage>25</TaxPercentage>
            <TaxAmount>
              <Amount>1008.00</Amount>
            </TaxAmount>
          </TaxInformation>
        </Line>
      </Transaction>
      <Transaction>
        <TransactionID>13</TransactionID>
        <Period>11</Period>
        <PeriodYear>2023</PeriodYear>
        <TransactionDate>2023-11-22</TransactionDate>
        <Description></Description>
        <SystemEntryDate>2024-01-20</SystemEntryDate>
        <GLPostingDate>2024-01-20</GLPostingDate>
        <SystemID>5504943757</SystemID>
        <Line>
          <RecordID>5504953984</RecordID>
          <AccountID>1920:10001</AccountID>
          <Analysis>
            <AnalysisType>B</AnalysisType>
            <AnalysisID>1</AnalysisID>
          </Analysis>
          <Analysis>
            <AnalysisType>T</AnalysisType>
            <AnalysisID>0</AnalysisID>
          </Analysis>
          <ValueDate>2023-11-22</ValueDate>
          <Description>Betaling</Description>
          <DebitAmount>
            <Amount>5040.00</Amount>
          </DebitAmount>
        </Line>
        <Line>
          <RecordID>5504953985</RecordID>
          <AccountID>1500</AccountID>
          <Analysis>
            <AnalysisType>B</AnalysisType>
            <AnalysisID>1</AnalysisID>
          </Analysis>
          <Analysis>
            <AnalysisType>T</AnalysisType>
            <AnalysisID>0</AnalysisID>
          </Analysis>
          <ValueDate>2023-11-22</ValueDate>
          <CustomerID>10003</CustomerID>
          <Description>Betaling</Description>
          <CreditAmount>
            <Amount>5040.00</Amount>
          </CreditAmount>
        </Line>
      </Transaction>
      <Transaction>
        <TransactionID>TEMP-5489461763</TransactionID>
        <Period>12</Period>
        <PeriodYear>2023</PeriodYear>
        <TransactionDate>2023-12-29</TransactionDate>
        <Description>Rente</Description>
        <SystemEntryDate>2024-01-16</SystemEntryDate>
        <GLPostingDate>2024-01-16</GLPostingDate>
        <SystemID>5489461763</SystemID>
        <Line>
          <RecordID>5489470021</RecordID>
          <AccountID>1920:10001</AccountID>
          <Analysis>
            <AnalysisType>T</AnalysisType>
            <AnalysisID>12</AnalysisID>
          </Analysis>
          <ValueDate>2023-12-29</ValueDate>
          <Description>Rente</Description>
          <DebitAmount>
            <Amount>8.10</Amount>
          </DebitAmount>
        </Line>
        <Line>
          <RecordID>5489470022</RecordID>
          <AccountID>8051</AccountID>
          <Analysis>
            <AnalysisType>T</AnalysisType>
            <AnalysisID>12</AnalysisID>
          </Analysis>
          <ValueDate>2023-12-29</ValueDate>
          <Description>Rente</Description>
          <CreditAmount>
            <Amount>8.10</Amount>
          </CreditAmount>
        </Line>
      </Transaction>
      <Transaction>
        <TransactionID>TEMP-5504909768</TransactionID>
        <Period>12</Period>
        <PeriodYear>2023</PeriodYear>
        <TransactionDate>2023-12-30</TransactionDate>
        <Description>Fra: 84501819394</Description>
        <SystemEntryDate>2024-01-20</SystemEntryDate>
        <GLPostingDate>2024-01-20</GLPostingDate>
        <SystemID>5504909768</SystemID>
        <Line>
          <RecordID>5504933427</RecordID>
          <AccountID>1920:10001</AccountID>
          <Analysis>
            <AnalysisType>T</AnalysisType>
            <AnalysisID>2</AnalysisID>
          </Analysis>
          <ValueDate>2023-12-30</ValueDate>
          <Description>Fra: 84501819394</Description>
          <DebitAmount>
            <Amount>40000.00</Amount>
          </DebitAmount>
        </Line>
        <Line>
          <RecordID>5504933428</RecordID>
          <AccountID>2999</AccountID>
          <Analysis>
            <AnalysisType>T</AnalysisType>
            <AnalysisID>2</AnalysisID>
          </Analysis>
          <ValueDate>2023-12-30</ValueDate>
          <Description>Fra: 84501819394</Description>
          <CreditAmount>
            <Amount>40000.00</Amount>
          </CreditAmount>
        </Line>
      </Transaction>
      <Transaction>
        <TransactionID>3</TransactionID>
        <Period>12</Period>
        <PeriodYear>2023</PeriodYear>
        <TransactionDate>2023-12-30</TransactionDate>
        <Description>Kjøp, Telia Norge AS: 2 linjer</Description>
        <SystemEntryDate>2024-01-16</SystemEntryDate>
        <GLPostingDate>2024-01-16</GLPostingDate>
        <SystemID>5490672550</SystemID>
        <Line>
          <RecordID>5490689154</RecordID>
          <AccountID>2400</AccountID>
          <Analysis>
            <AnalysisType>B</AnalysisType>
            <AnalysisID>1</AnalysisID>
          </Analysis>
          <Analysis>
            <AnalysisType>T</AnalysisType>
            <AnalysisID>1</AnalysisID>
          </Analysis>
          <ValueDate>2023-12-30</ValueDate>
          <SupplierID>20002</SupplierID>
          <Description>Kjøp, Telia Norge AS: 2 linjer</Description>
          <CreditAmount>
            <Amount>11771.09</Amount>
          </CreditAmount>
        </Line>
        <Line>
          <RecordID>5490689155</RecordID>
          <AccountID>2711</AccountID>
          <Analysis>
            <AnalysisType>B</AnalysisType>
            <AnalysisID>1</AnalysisID>
          </Analysis>
          <Analysis>
            <AnalysisType>T</AnalysisType>
            <AnalysisID>1</AnalysisID>
          </Analysis>
          <ValueDate>2023-12-30</ValueDate>
          <Description>Kjøp, Telia Norge AS: 2 linjer</Description>
          <DebitAmount>
            <Amount>2193.38</Amount>
          </DebitAmount>
        </Line>
        <Line>
          <RecordID>5490689156</RecordID>
          <AccountID>6901</AccountID>
          <Analysis>
            <AnalysisType>B</AnalysisType>
            <AnalysisID>1</AnalysisID>
          </Analysis>
          <Analysis>
            <AnalysisType>T</AnalysisType>
            <AnalysisID>1</AnalysisID>
          </Analysis>
          <ValueDate>2023-12-30</ValueDate>
          <Description>Handelslinje nr 1</Description>
          <DebitAmount>
            <Amount>8773.50</Amount>
          </DebitAmount>
          <TaxInformation>
            <TaxType>MVA</TaxType>
            <TaxCode>1</TaxCode>
            <TaxPercentage>25</TaxPercentage>
            <TaxAmount>
              <Amount>2193.38</Amount>
            </TaxAmount>
          </TaxInformation>
        </Line>
        <Line>
          <RecordID>5490689157</RecordID>
          <AccountID>6901</AccountID>
          <Analysis>
            <AnalysisType>B</AnalysisType>
            <AnalysisID>1</AnalysisID>
          </Analysis>
          <Analysis>
            <AnalysisType>T</AnalysisType>
            <AnalysisID>1</AnalysisID>
          </Analysis>
          <ValueDate>2023-12-30</ValueDate>
          <Description>Handelslinje nr 2</Description>
          <DebitAmount>
            <Amount>804.21</Amount>
          </DebitAmount>
        </Line>
      </Transaction>
      <Transaction>
        <TransactionID>4</TransactionID>
        <Period>12</Period>
        <PeriodYear>2023</PeriodYear>
        <TransactionDate>2023-12-30</TransactionDate>
        <Description></Description>
        <SystemEntryDate>2024-01-16</SystemEntryDate>
        <GLPostingDate>2024-01-16</GLPostingDate>
        <SystemID>5490672551</SystemID>
        <Line>
          <RecordID>5490689158</RecordID>
          <AccountID>2400</AccountID>
          <Analysis>
            <AnalysisType>B</AnalysisType>
            <AnalysisID>1</AnalysisID>
          </Analysis>
          <Analysis>
            <AnalysisType>T</AnalysisType>
            <AnalysisID>1</AnalysisID>
          </Analysis>
          <ValueDate>2023-12-30</ValueDate>
          <SupplierID>20002</SupplierID>
          <Description>Betaling</Description>
          <DebitAmount>
            <Amount>11771.09</Amount>
          </DebitAmount>
        </Line>
        <Line>
          <RecordID>5490689159</RecordID>
          <AccountID>1920:10001</AccountID>
          <Analysis>
            <AnalysisType>B</AnalysisType>
            <AnalysisID>1</AnalysisID>
          </Analysis>
          <Analysis>
            <AnalysisType>T</AnalysisType>
            <AnalysisID>1</AnalysisID>
          </Analysis>
          <ValueDate>2023-12-30</ValueDate>
          <Description>Betaling</Description>
          <CreditAmount>
            <Amount>11771.09</Amount>
          </CreditAmount>
        </Line>
      </Transaction>
      <Transaction>
        <TransactionID>TEMP-5495284023</TransactionID>
        <Period>12</Period>
        <PeriodYear>2023</PeriodYear>
        <TransactionDate>2023-12-31</TransactionDate>
        <Description>Korreksjoner</Description>
        <SystemEntryDate>2024-01-17</SystemEntryDate>
        <GLPostingDate>2024-01-17</GLPostingDate>
        <SystemID>5495284023</SystemID>
        <Line>
          <RecordID>5495302476</RecordID>
          <AccountID>1330:10001</AccountID>
          <Analysis>
            <AnalysisType>T</AnalysisType>
            <AnalysisID>2</AnalysisID>
          </Analysis>
          <ValueDate>2023-12-31</ValueDate>
          <Description>Korreksjoner</Description>
          <DebitAmount>
            <Amount>415000.00</Amount>
          </DebitAmount>
        </Line>
        <Line>
          <RecordID>5495302477</RecordID>
          <AccountID>1801</AccountID>
          <Analysis>
            <AnalysisType>T</AnalysisType>
            <AnalysisID>2</AnalysisID>
          </Analysis>
          <ValueDate>2023-12-31</ValueDate>
          <Description>Korreksjoner</Description>
          <CreditAmount>
            <Amount>415000.00</Amount>
          </CreditAmount>
        </Line>
      </Transaction>
      <Transaction>
        <TransactionID>6</TransactionID>
        <Period>12</Period>
        <PeriodYear>2023</PeriodYear>
        <TransactionDate>2023-12-31</TransactionDate>
        <Description>Øresdifferane Skattetrekk</Description>
        <SystemEntryDate>2024-01-18</SystemEntryDate>
        <GLPostingDate>2024-01-18</GLPostingDate>
        <SystemID>5499640612</SystemID>
        <Line>
          <RecordID>5499658104</RecordID>
          <AccountID>7740</AccountID>
          <Analysis>
            <AnalysisType>B</AnalysisType>
            <AnalysisID>1</AnalysisID>
          </Analysis>
          <Analysis>
            <AnalysisType>T</AnalysisType>
            <AnalysisID>2</AnalysisID>
          </Analysis>
          <ValueDate>2023-12-31</ValueDate>
          <Description>Øresdifferane Skattetrekk</Description>
          <DebitAmount>
            <Amount>0.78</Amount>
          </DebitAmount>
        </Line>
        <Line>
          <RecordID>5499658105</RecordID>
          <AccountID>1950:10001</AccountID>
          <Analysis>
            <AnalysisType>B</AnalysisType>
            <AnalysisID>1</AnalysisID>
          </Analysis>
          <Analysis>
            <AnalysisType>T</AnalysisType>
            <AnalysisID>2</AnalysisID>
          </Analysis>
          <ValueDate>2023-12-31</ValueDate>
          <Description>Øresdifferane Skattetrekk</Description>
          <CreditAmount>
            <Amount>0.78</Amount>
          </CreditAmount>
        </Line>
      </Transaction>
    </Journal>
  </GeneralLedgerEntries>
</AuditFile>